2978 5114
265 373 308 436 so
698 409 741 419 -
790 372 884 454 [ονε]
935 411 974 419 -

261 589 312 631 res
348 566 515 631 historicas
554 572 587 630 et
622 565 858 650 mythologicas.
917 566 1057 651 Cumque
1093 565 1208 632 Suidas
1244 565 1408 649 praecipue

261 671 479 756 glossographi
499 694 629 737 munere
647 672 806 755 fungatur,
828 672 905 754 quid
924 674 1047 752 mirum,
1066 674 1151 756 quod
1170 694 1210 737 ex
1228 675 1336 738 codice
1355 695 1408 737 suo

260 779 493 861 Aristophaneo
527 801 596 843 eam
629 779 820 844 scholiorum
850 785 974 862 partem
1006 781 1058 845 uel
1090 787 1191 846 totam
1223 781 1257 845 in
1282 780 1408 845 'lexicon

261 907 352 949 suum
369 886 498 967 recepit,
517 907 598 969 quae
616 885 760 969 proprias
780 887 900 968 glossas
919 908 1089 970 earumque
1108 887 1409 970 circumscriptiones

261 990 462 1057 continebat?

350 1098 420 1162 Huc
451 1097 612 1180 pertinent
635 1119 689 1162 eae
722 1099 835 1165 breues
867 1100 1101 1175 adnotationes,
1134 1100 1250 1184 quibus
1284 1098 1408 1165 Suidam

260 1227 331 1270 cum
349 1206 473 1270 Zonara
491 1204 668 1268 consentire
689 1226 786 1291 supra
803 1207 984 1272 memoraui.
1021 1205 1204 1289 Sequuntur
1213 1206 1240 1292 ¹)
1265 1208 1409 1290 propriae

261 1312 411 1395 glossae
434 1311 720 1388 interlineares,
744 1313 773 1376 h.
794 1333 818 1378 e.
837 1312 1032 1395 singularum
1050 1333 1165 1377 uocum
1183 1312 1298 1376 breuia
1315 1313 1407 1378 inter·

260 1424 468 1501 pretamenta,
482 1418 597 1500 quibus
608 1416 721 1482 Suidas
731 1419 848 1482 nostris
858 1419 1018 1483 codicibus
1030 1419 1253 1502 Aristophanis
1262 1425 1408 1503 praestat,

260 1525 349 1589 uelut
376 1525 418 1590 ad
444 1524 502 1605 Eq.
531 1547 556 1589 v.
587 1526 606 1588 8
636 1525 754 1609 Δεῦρο·
784 1521 923 1604 ἐνθάδε,
955 1523 1010 1590 ἐπὶ
1041 1532 1102 1588 τοῦ
1129 1521 1311 1609 παρόντος.
1357 1528 1408 1590 καὶ

263 1632 361 1713 δεῦρο
395 1621 447 1693 ἀεὶ
474 1623 550 1695 οἷντὶ
577 1617 653 1709 τοῦ,
680 1631 773 1716 μέχρι
804 1639 866 1695 τοῦ
893 1626 1072 1716 παρόντος.
1112 1632 1265 1716 σημαίνει
1294 1632 1329 1697 δὲ
1357 1632 1408 1696 καὶ

261 1728 300 1802 τὸ
325 1735 413 1801 ἐλθέ.
460 1738 503 1800 43
527 1739 712 1825 Νουμηνία,
735 1728 755 1822 ἡ
778 1743 840 1800 τοῦ
862 1728 966 1822 μηνὸς
991 1730 1082 1823 οἷρχη.
1129 1738 1172 1799 44
1196 1741 1405 1824 Βυρσαίετος·

264 1894 353 1908 ....
379 1830 586 1930 σκυτοδέψης
610 1835 770 1922 Ἀττικὸν,
792 1842 1002 1930 βυρσοδέψης
1027 1844 1062 1908 δὲ
1085 1829 1247 1908 Ἀσιανῶν.
1290 1845 1333 1908 49
1357 1867 1406 1907 κο-

262 1946 459 2034 σκυλμάτια
502 1957 580 2015 τῶν
612 1955 770 2034 βυρσῶν
806 1942 851 2015 τὰ
891 1945 1133 2033 σμικρότατα
1169 1947 1405 2035 περικόμματα.

264 2059 323 2122 141
356 2050 528 2140 Ὑπερφυᾶ
556 2058 689 2143 τέχνην·
724 2107 842 2120 .....
877 2048 1139 2142 ἀλλαντοπώλης
1172 2048 1191 2119 ὃ
1224 2048 1267 2120 τίι
1297 2049 1406 2139 έντερα

261 2151 402 2228 πολλῶν·
452 2163 512 2226 197
542 2158 682 2247 Μάρψη·
713 2158 873 2244 συλλάβη,
903 2158 1123 2248 διαχρήσηται.
1172 2162 1239 2226 220
1267 2160 1422 2246 Συμβαλέ

262 2285 372 2333 νουσι·
394 2255 692 2353 συμ-ιῶάττουσιλ),
713 2277 980 2351 συμφωνοῦσι.
1029 2268 1093 2332 248
1117 2263 1283 2354 Τελῶνης·
1305 2261 1406 2334 ὁτῶν

261 2380 371 2440 τελῶν
391 2372 537 2461 έταοτής.
568 2376 633 2439 292
654 2367 924 2458 Άσκαρδαμυκτὶ·
945 2425 951 2438 .
973 2426 979 2438 .
1000 2426 1007 2438 .
1029 2361 1173 2459 {mpla
1195 2382 1267 2440 τοῦ
1285 2371 1406 2459 μύειν,

263 2473 283 2548 ὅ
307 2481 414 2547 ἐστιν
441 2474 585 2567 ἀγρίους
612 2481 776 2561 βλέπειν
800 2532 806 2543 .
828 2533 834 2544 .
856 2532 861 2544 .
883 2532 890 2544 .
916 2476 1182 2567 σκαρδαμύσσειν
1205 2481 1405 2565 λέγεταικαὶ

262 2589 432 2654 ἰλλοοπεῑν.
476 2581 820 2672 ασκαρδαμυκτεϊν
849 2575 987 2653 οὖντὸ
1013 2581 1093 2651 divor
1121 2587 1292 2666 βλέπειν.
1349 2588 1405 2651 327

263 2687 428 2776 Λεέβεταιῑ
452 2707 523 2770 τοῖς
546 2690 704 2777 δακρύοις
727 2689 902 2779 διάβροχος
920 2695 1055 2777 γίνεται.
1101 2694 1164 2758 347
1190 2679 1407 2760 Μέτοικοι-έὲ

263 2800 295 2867 οὶ
315 2794 377 2883 ἀφ’
398 2797 510 2886 ἑτέρας
528 2797 661 2876 πόλεως
678 2796 902 2884 μεταστάντες
920 2800 978 2863 καὶ
997 2798 1042 2876 εἰς
1058 2786 1174 2884 ἑτέραν
1192 2799 1367 2877 οἰκοῦντες
1374 2802 1405 2885 ⁸).

262 2910 326 2972 359
360 2910 554 3002 Προσίεται’
597 2899 782 2992 ἀρέσκεται,
813 2904 1078 2991 aposellam).
1144 2907 1209 2969 553
1251 2899 1407 2980 Ἆνδάνειῑ

263 3003 404 3099 diffidant,
422 3014 521 3098 μέλει.
559 3014 624 3078 596
644 3009 907 3100 Ξυνδιήνεγκαν·
933 3011 1133 3094 συνέκαμον,
1145 2999 1406 3099 7συνεπρολξαντο

264 3172 353 3185 ....
379 3113 452 3184 ἀντὶ
477 3128 539 3184 τοῦ
563 3107 801 3207 ὗιῖρήνεγκαν.
849 3120 914 3183 682
938 3111 1068 3199 Ὀβολοὶ
1096 3117 1132 3183 δὲ
1160 3117 1246 3184 εἰσὶν
1275 3110 1334 3196 οὓς
1355 3144 1406 3184 κα-

261 3232 386 3311 λοῦμεν
406 3223 586 3312 φόλλειςῡ).
629 3229 693 3291 696
717 3212 917 3310 ΚεραυνὸἷΙ
938 3276 945 3288 .
966 3275 973 3288 .
994 3275 1000 3289 .
1025 3231 1096 3288 τῶν
1121 3224 1157 3289 δὲ
1179 3234 1356 3310 κεραυνῶν
1378 3221 1425 3290 οἱ4

264 3426 476 3433 ——-—-

336 3548 355 3605 ¹l
376 3547 407 3600 In
427 3545 571 3600 enotandis
586 3545 629 3599 his
645 3544 751 3613 glossis,
771 3544 795 3598 si
810 3548 868 3597 tota
883 3543 962 3597 deest
975 3541 1067 3610 glossa
1082 3542 1183 3597 nostris
1197 3543 1339 3598 codicibus
1349 3542 1405 3598 Ari·

263 3635 432 3704 stophaneis,
451 3650 593 3689 numerum
607 3650 703 3688 uersus
718 3633 794 3687 linea
809 3633 944 3686 subducta
960 3632 1138 3700 conspicuum
1153 3632 1269 3686 reddidi.
1297 3631 1406 3686 Litteris

262 3724 347 3779 latius
371 3723 512 3793 dispositis
537 3740 569 3777 ea
592 3723 679 3776 uerba
698 3723 806 3777 Graeca
830 3720 954 3785 distinxi,
980 3737 1051 3789 quae
1075 3722 1149 3790 apud
1168 3721 1281 3776 Suidam
1301 3720 1404 3790 quidem

263 3813 398 3882 leguntur,
418 3813 465 3867 sed
485 3812 513 3865 iu
532 3810 697 3866 scholiorum
718 3811 858 3866 codicibus
877 3810 985 3864 desunt.

334 3903 355 3969 2)
375 3896 588 3971 ουμπράττουοι
613 3901 639 3954 V
655 3906 682 3954 et
701 3901 736 3969 gl.
757 3898 909 3955 Victoriam

334 3990 355 4056 8)
374 3989 503 4044 similiter
521 3989 704 4058 Harpocratio
724 4005 744 4043 s.
765 3989 800 4056 gl.
823 3985 970 4042 Μέτοικοι.

334 4079 355 4144 ⁴)
374 4079 441 4133 Lex.
462 4079 573 4146 Seguer.
593 4081 645 4132 351
664 4074 792 4146 ἀρέσκει,
812 4074 1008 4147 προσδέχεται.

334 4167 355 4231 5)
373 4168 423 4221 Est
447 4172 539 4220 autom
563 4161 662 4234 ρόλλις
685 4182 738 4220 uox
757 4166 858 4220 Latina
882 4166 968 4231 sollis,
993 4165 1011 4218 i.
1032 4181 1055 4219 e.
1080 4164 1207 4219 sacculus
1231 4180 1285 4232 quo
1309 4162 1403 4218 conde-

263 4257 364 4310 bantur
383 4256 486 4309 nummi
506 4262 534 4310 et
554 4255 654 4309 deinde
674 4255 814 4320 „minutae
834 4255 968 4324 pecuniae
988 4270 1074 4322 genus
1094 4260 1122 4307 et
1141 4252 1262 4308 omnium
1281 4252 1405 4308 ιυίυἰιυιυί

263 4344 306 4409 (cl.
327 4345 491 4399 Salmasium
510 4346 545 4398 ad
561 4343 636 4398 Aelii
656 4343 811 4413 Lampridii
831 4343 1043 4411 Heliogabalum
1063 4361 1104 4411 cp.
1121 4345 1166 4412 22)
1186 4350 1302 4410 recepta
1320 4359 1337 4396 a
1354 4343 1403 4409 By·

262 4432 381 4488 nantinis
400 4433 509 4487 uidetur
524 4449 577 4486 non
592 4433 661 4486 adeo
675 4433 836 4486 recentibus
852 4431 1035 4500 temporibus;
1054 4447 1145 4500 neque
1160 4438 1254 4486 tamen
1269 4432 1403 4499 comparet
