2978 5114
621 449 660 457 -
709 406 800 498 [aas]
848 449 888 458 .-

569 676 705 741 cnrvu
729 676 951 754 uvnnrvu.

701 823 721 902 s
745 819 796 884 24.

269 943 337 1008 lam
359 945 522 1010 uideamus
545 965 626 1026 quae
648 944 730 1009 ratio
749 944 925 1033 intercedat
942 943 1026 1008 inter
1045 943 1166 1010 scholia
1184 945 1321 1011 Suidana

166 1058 214 1117 ⁴et
231 1051 455 1128 Rauennatem,
479 1072 570 1134 quem
593 1051 797 1134 integriorem
821 1050 955 1115 formam
974 1051 1160 1135 plerumque
1183 1073 1320 1118 seruasse

180 1181 276 1243 supra
298 1159 482 1235 memorem,
506 1163 538 1222 et
561 1158 683 1223 codices
712 1156 779 1236 Vc,
807 1158 862 1241 qui
891 1159 1022 1223 eandem
1045 1158 1111 1223 fere
1135 1160 1320 1224 scholiorum

180 1267 302 1349 copiam
325 1265 519 1348 formamque
541 1270 781 1348 repraesentant
804 1269 899 1349 atque
923 1265 1045 1330 Suidas:

268 1373 373 1455 Atque
405 1373 439 1436 in
466 1372 812 1455 Thesmophoriazusis,
843 1372 900 1437 ubi
931 1373 998 1436 solo
1026 1394 1096 1438 eum
1123 1373 1165 1437 R⁰
1194 1373 1318 1438 Suidam

182 1500 364 1563 comparare
396 1480 484 1557 licet,
520 1481 676 1545 assentiar
708 1479 933 1566 Fritzschi01),
966 1481 1034 1562 qui:
1069 1479 1179 1560 Recte,
1212 1481 1319 1563 inquit,

179 1588 299 1651 dadam
330 1587 533 1650 dedicauerat
568 1586 796 1652 Valckenarius
828 1588 864 1650 iri
892 1585 1041 1650 Diairibe
1069 1589 1142 1670 (2⁹9.
1167 1590 1249 1670 49).·
1281 1587 1318 1650 Ia

177 1697 274 1760 istara
291 1695 437 1776 fabulare
455 1693 574 1757 scholia
592 1698 701 1758 rreiera
719 1715 785 1758 aaa
796 1696 907 1774 pauca
920 1698 1056 1774 passari
1079 1695 1170 1774 apud
1188 1693 1318 1758 Saidam

177 1803 329 1883 reperiri;
357 1822 454 1882 qaam
480 1822 546 1864 rem
572 1806 639 1864 tarra
666 1802 822 1883 iasiyaera
845 1802 903 1864 aia
925 1801 1037 1865 credas
1059 1805 1127 1864 tara
1150 1802 1208 1865 dia
1225 1823 1317 1882 prae-

177 1911 272 1974 terire
295 1909 384 1973 uiros
407 1909 513 1972 doctos
532 1909 683 1987 potuisse.
721 1908 831 1989 Neque
854 1907 1087 1972 criminalia
1106 1908 1176 1972 alia
1196 1910 1315 1974 Aristo-

172 2018 294 2098 phanis
312 2015 425 2097 fabula
443 2013 564 2079 Saidas
581 2018 707 2079 rietasta
726 2020 756 2078 et
774 2016 873 2080 boreae
892 2019 985 2079 actae
1003 2014 1124 2079 scholia
1144 2020 1212 2080 iam
1230 2038 1316 2097 saepe

177 2124 371 2205 compilarit.
417 2122 529 2201 Nuper
552 2122 646 2186 editis
669 2143 690 2185 a
713 2121 854 2186 Belrkero
879 2123 1007 2187 scholiis
1035 2122 1111 2186 libri
1137 2122 1192 2186 R·'⁸
1216 2125 1314 2206 cesai

177 2235 243 2295 dara
270 2234 330 2306 esi,
358 2227 494 2294 Saidara
522 2229 598 2293 haec
624 2229 697 2308 irrisa
724 2229 845 2293 scholia
872 2230 1089 2309 descripsisse,
1117 2231 1178 2294 ael
1202 2231 1314 2295 dicara

176 2337 279 2401 aribo
303 2357 320 2399 c
342 2337 524 2399 coraraaai
546 2336 652 2417 ferite
680 2336 896 2400 doctrinam
923 2357 1029 2400 saara
1055 2337 1231 2402 hausisse
1257 2358 1315 2402 aec

175 2446 253 2508 riisi
276 2443 414 2507 leuiter
436 2444 538 2506 iader
565 2464 601 2506 sc
627 2443 787 2506 minatis
809 2444 850 2506 ia
872 2444 981 2507 redas
1004 2443 1235 2523 discrepare.
1276 2445 1313 2508 Et

175 2551 317 2635 profecto
336 2551 369 2614 in
387 2550 448 2614 hae
466 2547 575 2614 fabula
589 2549 704 2614 Suidas
719 2570 777 2614 nec
795 2552 969 2615 auctiorem
984 2551 1175 2616 scholiorum
1189 2551 1314 2618 ferinam

175 2658 304 2724 exhibet
327 2663 452 2740 praeter
475 2656 594 2740 glossas
617 2657 687 2721 illas
710 2656 931 2722 interlineares
953 2659 987 2723 in
1005 2659 1101 2722 tertio
1121 2659 1226 2742 capite
1245 2681 1313 2724 enu-

174 2771 325 2841 meratas,
357 2785 414 2828 nec
441 2764 580 2841 omnino,
612 2763 639 2828 si
667 2769 830 2847 corruptos
859 2766 1010 2846 quosdam
1039 2770 1072 2829 et
1098 2765 1313 2831 mutilatosin

174 2873 214 2937 ΒΘ
231 2873 317 2937 locos
336 2871 486 2947 omiseris,
509 2871 602 2935 ualde
621 2869 661 2935 eb
681 2892 718 2935 eo
738 2870 938 2956 discrepat.²)
966 2870 1082 2937 Suidae
1101 2878 1208 2937 autem
1222 2873 1312 2956 scria

175 2985 265 3044 turae
288 2980 321 3040 in
344 2977 471 3042 scholiis
494 2978 718 3060 discrepantes,
740 2999 778 3041 ex
797 2976 911 3061 quibus
930 2979 1057 3062 quidem
1075 2978 1198 3061 aliquid
1217 3002 1312 3046 emen-

176 3086 312 3151 dationis
335 3084 461 3149 scholiis
484 3083 531 3148 Re
560 3084 682 3149 hauriri
709 3085 823 3169 possit,
851 3085 892 3150 ab
920 3085 1045 3168 Engero
1073 3084 1260 3152 obseruatae
1286 3091 1312 3150 et

174 3194 345 3258 adnotatae
376 3197 450 3257 sunt
477 3192 518 3255 ad
541 3214 586 3257 vv.
611 3190 654 3255 52
687 3192 730 3256 94
765 3191 827 3256 129
864 3193 922 3256 131
962 3193 1024 3258 179
1058 3192 1119 3257 231
1156 3192 1222 3258 232
1254 3191 1310 3258 258

175 3301 236 3365 261
268 3299 333 3363 274
361 3299 425 3363 373
450 3299 515 3363 389
539 3299 605 3363 393
629 3298 694 3363 395
718 3299 783 3364 458
807 3299 872 3364 516
896 3299 960 3363 567
985 3300 1051 3364 572
1075 3300 1138 3363 616
1164 3300 1229 3366 648
1254 3300 1310 3364 770

175 3409 237 3472 773
262 3408 326 3472 868
353 3405 446 3472 1175.

260 3513 366 3578 Vnum
389 3514 473 3578 addo
497 3513 614 3578 lecum:

260 3621 309 3685 Ad
333 3643 360 3684 v,
384 3621 462 3685 300:

190 3727 302 3794 Saidas
321 3749 345 3792 s.
365 3728 405 3811 gl.
425 3723 680 3812 Κουροτρόφος·
740 3725 743 3789 l
1028 3727 1068 3791 R:

178 3827 180 3831 ¹
215 3829 457 3919 Κουροτρόφος
494 3840 548 3921 γῆ·
595 3830 702 3916 Ταύτῃ
828 3832 893 3898 siae
926 3840 966 3917 τῇ
993 3840 1033 3917 γῇ
1062 3832 1126 3898 εἴτε
1154 3841 1196 3918 τῇ
1225 3829 1307 3921 ἑστίᾳ

171 3941 207 4006 δὲ
230 3942 334 4006 θῦσαί
358 3959 439 4024 φασι
461 3948 601 4027 πρῶτον
625 3933 702 4026 Fae·
784 3933 907 4026 ὁμοίως
929 3932 997 4026 πρὸ
1026 3948 1088 4007 τοῦ
1111 3934 1189 4020 Διὸς
1211 3937 1305 4009 diov-

168 4044 313 4133 χθόνιον
328 4046 365 4112 ἐν
380 4040 562 4134 ἀκροπόλει
572 4049 629 4114 καὶ
637 4051 701 4128 βω·
783 4065 836 4112 σιν
860 4039 951 4132 αὐτῇ.

243 4211 262 4276 1)
282 4209 448 4277 Thesmoph.
469 4225 513 4277 pg.
533 4210 576 4263 82.

242 4297 263 4365 ²)
286 4298 481 4367 Bernhardyus
505 4297 533 4350 in
558 4298 720 4352 commenti.
746 4297 779 4351 dc
804 4295 906 4352 Saldae
929 4295 1020 4352 lexico
1043 4314 1087 4367 pg.
1107 4297 1155 4353 48:
1183 4297 1257 4352 Nam
1277 4298 1303 4350 ia

170 4385 356 4457 [dedicatam
371 4392 397 4441 et
413 4387 717 4457 Thesmophoriaaasas,
734 4386 783 4440 abi
796 4386 899 4440 scholia
913 4393 1061 4442 rarescant
1074 4393 1100 4441 et
1114 4392 1301 4454 eateaaaatar,

168 4475 240 4528 adid
258 4476 354 4531 obtulit
373 4475 400 4531 R
419 4477 546 4546 amplias,
566 4477 636 4544 qaia
653 4476 684 4530 id
703 4475 783 4545 apud
802 4474 922 4530 Saidara
940 4477 1114 4531 inueniatur.
