2978 5114
605 429 644 437 -
694 390 789 475 [τσο]
835 430 878 438 -

259 584 323 648 368
348 600 409 649 σου
848 602 883 650 σε

260 691 326 755 402
348 693 424 775 περὶ
447 689 589 758 πάντων
847 695 924 776 περὶ
946 685 1047 757 πάνυ)

259 797 321 861 481
347 807 541 884 παριστορῶ
847 807 1051 884 παραστορῶ

259 903 322 967 527
346 900 474 983 τάσεως
656 977 661 989 Ι
848 901 996 983 στάσεοος

260 1010 324 1075 693
347 1019 485 1095 μορμῶν
720 1054 733 1099 3
847 1003 965 1098 μσρμά

261 1116 324 1182 756
349 1126 475 1183 σαυτοῦ
849 1127 993 1185 σεαυτοῦ

260 1224 323 1289 784
347 1223 513 1310 έπανέρου
849 1224 1033 1310 ἐπαναίρου

260 1331 325 1396 830
347 1336 640 1417 θάλαττοκομπεϊς
847 1337 1116 1409 θαλαττοκοπεῖς

260 1436 323 1502 853
347 1433 481 1515 τούτοις
848 1436 991 1516 τούτους

259 1544 322 1609 978
347 1536 608 1631 ἀργαλεωτέρῶν
618 1548 644 1634 1)
848 1539 1114 1632 ἀργαλεωτάτων

258 1651 323 1716 983
344 1653 515 1736 χρυσὶνοον
846 1654 1032 1741 χρησίμω)
1075 1717 1079 1729 ,

258 1758 319 1823 991
346 1756 457 1823 ἐθέλει
849 1759 981 1826 ἐθέλειν

241 1865 325 1928 1150
348 1866 550 1949 καταμυλῶν
847 1872 1049 1954 καταμηλῶν

240 1972 324 2035 1264
346 1973 636 2057 καταπαυομένοις
847 1973 1153 2058 καταπαυομένοισι

240 2078 324 2143 1285
347 2080 540 2162 κασαυρὶοις
827 2083 1093 2168 ’κασαυρέοισι3)

239 2186 323 2250 1370
345 2182 626 2272 μετεγραφήσεται
653 2180 656 2187 ’
846 2185 1149 2275 μετεγγραφήσεται

238 2291 323 2357 1405
346 2289 448 2376 ἕδραν
848 2291 949 2378 ἕδραν
972 2288 1009 2360 θ’

168 2453 303 2534 donique
331 2477 358 2517 v.
386 2453 449 2518 501
480 2444 527 2530 ῶς
555 2447 607 2536 ἐφ)
629 2446 713 2540 ἡμᾶς
739 2476 797 2537 pro
825 2447 871 2531 ὡς
898 2449 995 2542 ἡμᾶς,
1027 2454 1082 2519 ubi
1110 2455 1311 2520 Ambrosiani

169 2560 282 2624 uitium
304 2560 377 2625 indo
404 2566 509 2625 ortum
533 2567 594 2638 cst,
617 2561 701 2644 quod
724 2561 879 2645 glossema
902 2559 958 2626 ἐπὶ
980 2562 1111 2626 uoculae
1134 2553 1180 2638 ῶς
1203 2582 1311 2644 super-

168 2666 319 2750 scriptum
342 2669 376 2731 in
399 2674 580 2733 contextum
605 2669 730 2734 inuasit.

258 2791 355 2857 Vides
382 2815 477 2875 quam
505 2794 569 2859 sint
592 2793 677 2860 lcuia
698 2793 901 2858 Ambrosiaui
927 2793 1171 2877 propriauitia,
1199 2793 1313 2876 quibus
1398 2839 1401 2858 .

169 2921 189 2962 a
212 2897 311 2964 Suido
333 2899 497 2983 discrepet.
622 2898 634 2903 ”

258 3023 316 3088 His
339 3024 532 3108 adiungendi
554 3031 628 3091 suut
646 3025 768 3108 aliquot
786 3025 854 3101 loci,
878 3025 992 3110 quibus
1011 3026 1121 3090 oodom
1139 3025 1232 3089 modo
1252 3046 1313 3108 quo

171 3132 202 3193 in
227 3130 436 3196 Ambrosisno
463 3133 497 3195 iu
524 3153 587 3196 uno
610 3132 752 3197 alterouc
775 3153 814 3196 ex
836 3132 967 3217 roliquis
990 3132 1151 3197 codicibus
1174 3136 1312 3196 erratum

169 3243 228 3313 est,
250 3259 320 3301 oum
343 3237 456 3303 Suidos
480 3261 550 3303 cum
573 3239 685 3304 cctcris
708 3238 868 3304 codicibus
891 3239 998 3315 faciat,
1020 3239 1108 3304 uolut
1131 3240 1164 3302 in
1187 3261 1232 3302 vv.

263 3363 328 3426 295
350 3358 477 3447 γρύζεις
499 3364 680 3428 Μ-Ρ-ΑΛΘ
702 3384 761 3447 pro
783 3358 908 3450 γρύξει(
928 3364 952 3449 ),

258 3467 321 3532 357
347 3462 474 3535 έκπιῶν
497 3470 551 3533 M·
559 3469 712 3550 V-P-AA,
736 3461 875 3550 έκπιῶν,
900 3495 920 3535 κ
943 3472 976 3534 in
1000 3491 1110 3534 rasura
1133 3491 1191 3535 soc.
1214 3492 1254 3533 m.
1274 3472 1313 3549 Γ,

344 3598 403 3659 pro
422 3568 568 3641 έπιπιάν
583 3576 646 3653 SR3
665 3579 821 3660 genuinae
839 3578 984 3643 lectionis
1003 3577 1171 3659 uestigium
1189 3597 1313 3640 reman-

346 3684 443 3747 sitin
470 3685 509 3747 6:
534 3676 650 3763 ε’πιῶν,
674 3706 771 3767 supro
791 3707 818 3749 π
841 3685 927 3767 picto
950 3707 971 3747 κ
995 3705 1053 3749 sec.
1077 3706 1126 3761 m.‚

259 3790 325 3855 580
347 3796 497 3874 κομῶσιν
520 3792 599 3855 Μ-Ρι
620 3813 679 3874 pro
701 3799 842 3875 κομῶσι,

261 3898 325 3963 630
348 3893 647 3981 ψευδατραφύξυσς
670 3900 783 3963 Μ-ΑΘ
805 3918 864 3981 pro
887 3893 1199 3982 ψευδατραφάξυος,

257 4005 319 4068 631
346 3997 513 4070 ἀνέσπασε
537 4006 707 4071 Μ-ῑῘ-Ρ-Λλ
729 4027 786 4089 pro
810 3998 1009 4085 ἀνέσπασεν,

245 4272 264 4333 ¹)
282 4276 372 4324 ortum
392 4285 426 4323 ex
446 4272 625 4338 praecedenti
644 4270 855 4344 πρεσβυτέρων.

241 4360 261 4425 ²)
277 4361 416 4429 χρυοίμω,
436 4380 452 4414 v
471 4367 573 4428 puncto
592 4367 724 4427 notatum,
746 4362 775 4415 P.

239 4449 260 4509 ’1
278 4449 458 4520 καυσαρίοισι
479 4452 509 4503 Α.
