2978 5114
600 436 640 446 -
689 397 784 482 [aaa]
832 435 873 445 -

255 594 306 659 Ad
328 616 354 659 v.
378 595 457 659 416:

232 718 253 784 S
277 741 301 784 s.
319 719 360 803 gl.
383 718 638 800 Κυνοκέφαλος·
1011 718 1082 784 Ve:

164 819 196 890 ‘0
221 826 341 892 Κλέων
370 818 491 892 ἑαυτὸν
520 817 610 892 οὕτω
638 850 696 891 κα-
773 815 914 890 Ἑαυτὸν
942 848 961 890 ο
988 824 1107 890 Κλέων
1139 823 1225 908 λέγει
1253 848 1309 889 xv-

169 937 223 997 λετ.
267 926 343 998 ἀντὶ
382 940 445 999 τοῦ
487 925 600 999 δεινὸν
642 934 698 998 καὶ
777 930 980 1013 νοκέφαλον,
1002 923 1114 997 δεινὸν
1138 933 1194 997 καὶ
1218 924 1309 997 ἄνοι’-

170 1032 396 1125 άναέσχυντον.
472 1032 611 1117 ὁποῖος
655 1027 697 1126 ἦν
779 1055 930 1122 σχυντον.
965 1031 1100 1124 ὁμοῖος
1123 1025 1164 1125 ἦν
1188 1030 1206 1103 ὃ
1230 1032 1310 1125 παρ’

170 1138 187 1211 ὁ
208 1139 288 1232 παρ’
306 1139 446 1232 Ἡσιόδῳ
469 1142 669 1232 Γηρυονεύς.
696 1132 702 1145 ’
773 1137 913 1230 Ἡσιόδῳ
937 1141 1137 1232 Γηρυονεύς.

254 1271 354 1337 Miror
376 1270 573 1338 Dinderfium
598 1277 631 1337 et
654 1270 856 1336 Duebnerum
875 1269 1009 1336 formam
1027 1262 1141 1355 ὁμοῖος
1159 1271 1309 1336 intactam

171 1379 339 1462 reliquisse,
363 1401 434 1444 cum
456 1379 570 1445 Suidas
593 1400 702 1444 ueram
725 1379 913 1461 scripturam
936 1376 1086 1442 exhibeat
1110 1368 1237 1455 ὁποῖος.

254 1540 304 1604 Ad
327 1563 354 1606 v.
378 1541 457 1605 626:

242 1663 262 1728 S
286 1686 309 1731 s.
328 1665 368 1748 gl.
391 1657 625 1750 Ἑλασίβροντ’·
736 1664 739 1751 1
1010 1664 1080 1728 Vs:

173 1822 304 1836 .....
328 1765 403 1857 ἢτοι
423 1763 477 1837 διά
496 1763 558 1858 τὴν
577 1763 697 1858 φωνὴν
779 1823 785 1835 .
812 1822 818 1834 .
844 1822 850 1833 .
876 1822 882 1833 .
908 1822 914 1834 .
948 1763 1023 1856 ἤτοι
1047 1760 1167 1855 δὲτὴν
1191 1760 1311 1855 φωνὴν

173 1874 314 1943 σκώπτει
359 1873 421 1943 τὸν
461 1877 603 1944 Κλέωνα
644 1870 697 1943 ὅτι
778 1872 926 1941 σκώπτει
962 1884 1024 1941 τοῦ
1061 1874 1218 1953 Κλέωνος
1259 1867 1311 1941 ὅτι

172 1983 335 2068 τραχέως
368 1983 564 2070 ἐφθέγγετο,
598 1977 618 2072 ἢ
651 1977 697 2061 ὡς
779 1975 880 2069 (ὅςτις
923 1985 952 2047 θ
996 1989 1077 2048 teste
1126 1983 1310 2068 Duebnere)

172 2092 318 2175 ταχέως.
777 2089 923 2174 ταχέως
959 2088 1143 2175 ἐφθέγγετο
1180 2082 1201 2177 ἢ
1237 2081 1310 2177 (ὅτι

777 2197 848 2263 add.
876 2199 917 2282 Θ)
946 2189 993 2275 ὡς
1015 2210 1184 2280 ταχεῖαν.
1218 2199 1310 2282 (τρα-

736 2324 738 2394 γ
775 2318 869 2389 χιιαν
895 2307 946 2390 Θ).

255 2429 399 2494 Correxit
421 2450 459 2493 ex
483 2427 581 2494 Suida
604 2419 656 2492 ὅτι
680 2429 826 2513 τραχέως
849 2424 1032 2514 ἐφθέγγετο
1057 2427 1248 2494 Dinderfius.

256 2590 305 2654 Ad
329 2613 355 2653 v·
380 2590 457 2654 641:

260 2713 282 2779 S
305 2737 328 2779 s.
347 2714 388 2798 gl.
411 2715 602 2798 Κιγκλίὁας·
737 2713 740 2795 i
1013 2715 1083 2778 VO:

272 2813 292 2907 ἢ
324 2823 451 2904 κιγκλὶς
478 2813 498 2907 ἡ
528 2813 619 2907 ὀπὴ,
656 2815 698 2886 δι’
737 2838 739 2891 Ι
780 2873 786 2884 .
813 2872 818 2883 .
845 2872 851 2883 .
876 2812 1041 2905 ἢκιγκλὶς
1060 2819 1152 2896 ἰδίως
1171 2821 1245 2904 (om.
1268 2822 1310 2901 θ)

173 2916 572 3014 ἧςὴκλιὶςπέγιπεται.
736 2898 739 3047 i
778 2922 961 3014 ἡτρύπη,
989 2919 1030 2991 δι’
1053 2916 1311 3013 ἧςῆκιγκλὶς

736 3050 739 3137 J
777 3033 950 3118 πέμπεται.

172 3157 222 3223 ubi
240 3158 356 3224 Suidae
374 3157 473 3223 uerba
492 3150 535 3222 δι’
552 3147 591 3245 ἧς
608 3149 629 3245 ἡ
647 3161 736 3235 κλεὶς
754 3157 918 3242 πέμπεται
936 3180 994 3244 pre
1011 3159 1151 3224 absurda
1168 3157 1309 3223 eedieum

178 3265 233 3330 ΚΘ
255 3267 412 3349 scriptura
436 3257 477 3329 δι’
500 3254 538 3351 ἧς
561 3256 581 3352 ἦ
604 3268 730 3350 κιγκλὶς
753 3265 918 3350 πέμπεται
941 3265 1137 3331 restituenda
1158 3271 1238 3329 sunt.

256 3427 306 3491 Ad
328 3449 355 3491 v.
381 3425 458 3491 792:

256 3533 277 3599 S
301 3556 324 3599 s.
343 3533 399 3616 sgl.
422 3528 607 3599 Πιθάκναι·
1013 3530 1084 3595 Κθτ

172 3691 178 3703 .
232 3694 238 3706 .
271 3632 363 3725 παρὰ
396 3640 432 3705 δὲ
469 3632 697 3725 Ἀριστοφάνει
1029 3633 1214 3714 πιθάκναις
1238 3689 1243 3700 .
1269 3689 1275 3701 .
1302 3688 1308 3701 .

171 3743 332 3812 πιθάκναι
363 3744 396 3813 οἱ
423 3743 559 3833 ἔρημοι
587 3742 697 3812 τόποι.
737 3814 739 3850 ÷
780 3796 947 3810 ......
977 3741 1150 3828 ἑτοίμοις
1181 3739 1308 3820 τόποις.

256 3925 339 4004 Quid
367 3924 419 3990 hic
446 3926 507 3989 sibi
534 3924 636 3989 uelint
664 3920 791 4008 έτοιγιοι
814 3919 929 4002 τόποι,
957 3944 1019 3987 uon
1042 3928 1187 4006 apparet,
1215 3921 1309 3986 imme

171 4029 281 4097 Suidas
304 4053 410 4097 ueram
433 4031 565 4096 retinuit
588 4033 775 4114 scripturam
799 4026 913 4117 ἔρημοι
936 4024 1046 4095 τόποι.

255 4228 306 4292 Ad
341 4250 368 4292 v.
398 4228 461 4292 723
498 4226 614 4293 Suidae
650 4227 840 4309 scripturam
875 4220 1008 4311 Κράτης
1041 4223 1077 4291 δέ
1107 4242 1219 4311 φησιν,
1257 4214 1309 4290 ὅτι

170 4341 279 4400 πᾶσαν
313 4326 433 4420 στενὴν
464 4329 648 4400 κατάδυσιν
680 4329 786 4417 γύπας
818 4333 902 4419 (lege
928 4329 1088 4418 γυπάρια)
1121 4324 1309 4415 ω’νόγιαζον,

171 4440 349 4507 Diuderfius
372 4442 512 4507 restituit
534 4464 592 4526 pre
614 4445 777 4527 Κρατῖνος
801 4438 838 4505 δέ
859 4458 961 4526 φησιν
979 4444 1049 4505 κτλ.
1074 4440 1217 4505 eedieum
1243 4438 1309 4507 Vs.
