2978 5114
604 409 646 418 -
692 371 788 455 [243]
836 410 877 418 -
1268 373 1310 436 99

169 562 343 648 μαλώτους
360 560 492 652 ἢχαχεν,
516 558 630 652 ὥσπερ
648 564 918 651 μαντευσάμενος
936 560 997 654 τὴν
1016 560 1206 650 ὑπόσχεσιν,
1230 591 1310 650 qnae

168 673 334 738 referenda
356 674 506 738 uidentur
528 674 569 738 ad
593 675 758 739 historiam
779 697 847 739 eam
871 697 965 756 quam
984 680 1093 738 narrat
1112 674 1310 758 Thucydides

169 779 223 857 1v,
242 779 292 844 28.

260 996 307 1059 Ad
331 1019 358 1060 v.
383 997 462 1060 262:

238 1137 305 1202 Ss.
330 1139 370 1222 gl.
396 1134 623 1225 Χερρόνησος·
739 1120 742 1247 l
1013 1139 1084 1203 Ve:

171 1241 302 1332 Θρᾴκης
345 1241 447 1329 χώρα,
499 1247 556 1310 καὶ
603 1242 700 1324 πόλις
739 1252 742 1319 l
781 1255 838 1329 τῆς
856 1241 987 1333 θρᾴκης
998 1247 1123 1329 χωρίον
1138 1249 1195 1311 καὶ
1213 1245 1312 1326 πόλις

171 1344 332 1438 ὑποτελῆς
376 1364 447 1429 τοῖς
492 1345 699 1438 Ἀθηναίοις,
739 1362 741 1433 ξ
784 1345 944 1438 ὑποτελὴς
994 1360 1065 1417 τῶν
1114 1346 1311 1440 Ἀθηναίων,
1379 1385 1387 1396 ·

169 1452 312 1542 εὗηορος
326 1458 372 1536 είς
389 1467 509 1542 πυρῶν
522 1462 698 1545 γεωργίαν·
739 1438 741 1556 l
782 1453 925 1544 εὔφορος
944 1459 990 1537 εἰς
1003 1468 1116 1543 πυροῦ
1133 1463 1310 1546 γεωργίαν·
1415 1464 1419 1470 ’

168 1556 254 1629 ὅθεν
293 1567 349 1630 καὶ
395 1563 621 1650 ε’σιταχαίχουν
667 1565 700 1632 οἱ
739 1584 741 1621 ¹
781 1558 866 1632 δθεν
912 1569 968 1631 καὶ
1009 1564 1234 1651 ε’σιταχαίχουν
1279 1567 1311 1633 οἱ

168 1663 354 1758 Ἀθηναῖοι.
379 1664 447 1750 οὓς
464 1670 601 1738 Κλέων
622 1670 699 1739 διέ-
738 1646 741 1745 l
784 1666 961 1759 Ἀθηναῖοι.
1009 1665 1055 1750 ὡς
1096 1671 1312 1760 ἰδιοπραχμό-

170 1797 257 1844 σειε.
582 1780 586 1787 ’
781 1803 852 1844 νων
876 1780 910 1844 δὲ
940 1782 997 1844 καὶ
1025 1780 1171 1846 ἰδιωτῶν
1199 1776 1312 1848 ὄντων

738 1956 740 1969 Ι
779 1895 850 1951 τῶν
863 1891 1151 1972 Χερσονησιωτων
1161 1891 1218 1953 καὶ
1229 1891 1311 1955 δια-

737 1978 740 2091 l
781 1995 960 2060 σείεσθαι
1011 1994 1208 2078 δυναμένων
1253 1993 1310 2085 ῥᾳ-

737 2094 740 2187 l
781 2102 887 2180 δίως,
906 2097 1074 2185 μάλιστα
1090 2101 1126 2165 δὲ
1140 2111 1201 2167 τοῦ
1216 2104 1311 2168 Κλέ-

737 2194 739 2303 l
779 2231 881 2285 ωνος
909 2203 1151 2293 ε’πηρεάζοντος
1179 2203 1311 2290 αὐτοὺς,

736 2312 739 2401 l
778 2310 911 2380 τούτων
935 2311 1093 2401 ἐμνήσθη.

258 2496 318 2560 Hic
344 2495 457 2560 Suidas
488 2495 654 2560 uerbosam
682 2495 921 2580 explicationem
948 2495 984 2557 Vi
992 2497 1026 2559 61
1055 2517 1115 2559 non
1144 2496 1252 2579 inepte
1280 2498 1312 2561 in

172 2601 297 2668 breuius
320 2608 513 2668 contractam
538 2603 674 2667 exhibet.
1048 2598 1053 2603 ⁴

256 2710 373 2774 Versus
397 2711 459 2774 397
485 2711 549 2775 398
578 2702 643 2774 κού
669 2711 844 2795 μεθίστησι
872 2717 934 2774 τοῦ
959 2705 1135 2794 χρώματος
1160 2718 1223 2774 τοῦ
1249 2733 1312 2775 πα-

172 2813 369 2902 ρεστηκότος
396 2840 418 2881 s.
446 2819 487 2901 gl.
516 2810 685 2903 Ἑρδθημα
716 2818 767 2882 his
799 2817 997 2899 explicantur
1027 2817 1147 2892 uerbis,
1179 2840 1312 2901 quornm

172 2923 282 2988 similia
306 2926 338 2987 in
361 2925 488 2989 scholiis
514 2924 572 2988 Va
589 2947 652 2990 non
671 2925 833 3008 leguntur:
857 2920 897 2988 τι)
921 2916 983 3008 γὰρ
1007 2917 1050 3009 μὴ
1075 2923 1239 3007 ἐρυθριᾶν
1258 2922 1313 2989 ε’πὶ

172 3042 239 3106 τοῖς
262 3030 454 3116 εἰρημένοις.
481 3029 552 3095 ἐπεὶ
577 3024 618 3095 οὐ
640 3026 837 3115 μεταβάλλει
861 3022 900 3095 τὸ
922 3038 1049 3114 χρῶμα,
1074 3023 1136 3095 οὐκ
1161 3029 1311 3118 ἐρυθριᾷ.

257 3137 306 3201 Ad
334 3159 361 3201 v.
385 3139 447 3203 401
484 3139 541 3200 καὶ
574 3138 791 3223 διδασκοίμην
818 3133 1003 3224 προσᾴδειν
1031 3139 1207 3220 Μορσίμου
1235 3161 1313 3221 τρα-

173 3246 293 3329 γῳδίαν
322 3267 344 3310 s.
369 3245 408 3328 gl.
432 3240 604 3328 Μόρσιμος
631 3245 710 3310 haec
737 3244 905 3327 explicatio
933 3243 1017 3327 apud
1045 3243 1174 3307 Suidam
1203 3245 1314 3308 addita

173 3358 229 3415 ost:
252 3351 436 3430 τουτέστιν,
459 3351 689 3438 ἐκβαλλοίμην,
712 3354 769 3416 καὶ
794 3353 1007 3435 συριττοίμην
1031 3343 1077 3426 ὡς
1101 3348 1235 3428 ἐκεῖνος.

256 3459 306 3522 Ad
329 3482 356 3522 v.
380 3459 445 3522 524
472 3451 541 3523 Οὐκ
565 3456 720 3544 ἐξήρκησε
742 3459 1014 3541 interpretationis
1033 3478 1127 3522 causa
1145 3458 1223 3523 haec
1245 3458 1313 3521 adi-

172 3565 306 3630 ciuntur:
331 3557 394 3630 οὕκ
418 3558 553 3648 ἀντέσχε
577 3557 663 3647 πρὸς
685 3559 764 3641 τοὺς
788 3562 936 3647 τρόπους
960 3557 1063 3648 ὑμῶν.

258 3673 306 3736 Ad
330 3695 357 3736 v.
384 3673 447 3737 848
471 3695 494 3736 s.
519 3673 561 3754 gl.
586 3669 729 3755 Πδρπαξ
751 3694 788 3735 ex
808 3671 924 3736 Suidae
943 3672 1162 3736 adnotatione:
1186 3664 1314 3736 'Avect-

172 3782 275 3844 θεοαν
298 3771 360 3863 γὰρ
383 3771 425 3842 τὰ
449 3777 486 3842 ἐκ
510 3785 580 3841 τῶν
603 3777 762 3861 πολέμων
787 3768 875 3841 δπλα
904 3770 985 3841 ἄνευ
1015 3769 1164 3860 ὀχάνων,
1193 3775 1247 3841 ἵνα
1270 3769 1314 3863 μη

173 3878 308 3970 ἑτοίμως
341 3879 454 3963 αὐτοῖς
487 3881 585 3969 έχωσι
620 3891 765 3970 χρῆσθαι
805 3882 990 3948 Duebuerus
1028 3879 1168 3967 ἑτοίμως
1204 3905 1314 3948 uocem

172 3992 296 4057 scholiis
323 3993 380 4056 Ve
403 3996 470 4057 iure
493 3994 643 4057 restituit.

257 4101 399 4182 Denique
427 4101 469 4164 ad
497 4123 522 4162 v.
551 4101 571 4163 9
605 4121 627 4164 ε.
661 4099 701 4181 gl.
735 4098 926 4169 Ξυναυλίαν
958 4095 1175 4181 πενθήσομεν
1212 4097 1253 4160 ad
1277 4118 1315 4161 oa

172 4206 295 4283 scholia
327 4229 407 4291 quae
439 4208 588 4290 leguntur
620 4207 652 4270 in
680 4205 841 4272 codicibus
871 4206 929 4269 Vo
956 4208 995 4270 de
1020 4206 1153 4287 Olympo
1176 4204 1315 4280 tibicine,

172 4333 207 4376 ex
230 4313 329 4379 Suida
351 4316 526 4398 supplenda
544 4320 618 4379 sunt
635 4312 735 4378 uerba
759 4302 858 4391 οὗτος
883 4313 918 4377 δὲ
943 4305 961 4378 ὃ
980 4305 1144 4395 Ὄλυμπος
1167 4311 1203 4376 έν
1227 4314 1314 4394 Φρυ·

170 4423 222 4508 χίμ
244 4415 324 4499 τοὺς
347 4414 546 4509 αὐλητικοὺς
570 4416 695 4505 νόμους
719 4419 833 4486 έποίει.

1118 4526 1153 4578 71
