2978 5114
488 413 529 420 -
578 375 674 457 [eoa]
721 413 762 421 -
1160 380 1199 442 cr

56 565 153 628 uerba
181 565 210 629 εἰ
236 562 349 646 βούλει
377 568 430 630 uix
460 568 658 651 neglegentia
685 568 808 632 librarii
836 569 999 634 cuiusdam
1026 593 1065 634 ex
1089 571 1123 634 cd
1146 575 1203 654 λῇς

54 678 125 735 orta
156 693 238 749 esse,
272 675 366 737 immo
398 675 540 739 consulto
568 697 588 738 a
615 677 821 758 grammatico
850 677 986 759 quodam
1014 681 1203 760 scripturam

53 779 203 842 traditam
232 781 430 845 immutatam
460 803 527 846 esse
555 780 730 864 apparebit.
782 781 965 866 Eodemque
987 784 1080 846 modo
1104 784 1203 866 expli-

53 885 173 948 candae
200 885 351 949 uidentur
383 908 439 950 eac
471 888 677 965 mutationes,
709 909 790 970 quae
818 889 852 952 in
879 889 992 953 ceteris
1021 887 1203 954 Acharneu-

54 989 136 1053 sium
153 990 299 1056 uersibus
319 993 454 1067 dialecto
473 994 650 1077 Megarensi
669 996 802 1076 prolatis
821 996 906 1077 apud
927 996 1057 1060 Suidam
1075 995 1202 1061 obuiam

54 1094 142 1171 finnt,
166 1097 253 1161 uelut
277 1099 309 1162 in
333 1122 378 1163 vv.

302 1205 338 1270 S:
626 1208 629 1303 l
790 1206 886 1271 Codd.
910 1207 1086 1291 Aristoph.:

56 1309 118 1373 738
144 1303 215 1374 ἀλλ’
241 1303 339 1377 ’ἔστιν
372 1305 450 1399 ἡμῖν
479 1316 585 1397 Meyer·
626 1308 628 1353 l
668 1305 739 1376 αλλ’
767 1309 858 1377 ἔστιν
884 1310 947 1397 γάρ
974 1338 1031 1398 μοι
1059 1319 1202 1399 Μεγαρι-

187 1415 263 1504 ρική
288 1444 338 1495 τις·
360 1415 497 1505 μηχανή.
626 1470 628 1509 4
712 1415 755 1482 κά
776 1443 825 1495 τις
847 1417 987 1503 μαχανά.

55 1521 113 1585 ill
142 1513 236 1601 ὅπως
264 1526 301 1589 δὲ
331 1518 445 1613 δόξητ’
468 1513 586 1611 ἦμενῐ)
626 1514 628 1589 l
668 1517 762 1602 ὅπως
782 1526 817 1590 δὲ
833 1519 956 1605 δοξεῖτ’
971 1515 1053 1612 ἦμεν
1073 1527 1108 1609 ἐξ
1125 1522 1202 1613 ἀγα-

187 1623 300 1714 dyada
325 1627 405 1709 συός
713 1640 779 1709 deig
802 1624 869 1708 δός.

55 1737 113 1798 751
143 1738 368 1822 διαπεινῶμεν
409 1731 461 1802 αέὶ
501 1731 587 1822 πρὸς
669 1741 881 1822 διαπεινᾶμες
909 1731 961 1803 ἀεὶ
987 1733 1095 1805 ποττὸ
1123 1749 1199 1825 πῦρ.

186 1837 226 1908 τδ
249 1853 319 1930 πῦρ

54 1948 117 2010 782
137 1942 585 2036 οδκείσβαλεῑτεῖ),ὡςδρσν-
625 1868 628 2021 i
668 1944 746 2016 ὅκκ’
788 1947 961 2037 ἐσβάλητε,
1006 1945 1073 2029 τεὸς
1114 1945 1200 2037 ‹inm-

187 2071 276 2139 (nrzcr
298 2054 378 2141 μύες
626 2040 628 2067 ¹

626 2078 628 2083 ·
711 2059 841 2142 colom)
864 2053 952 2141 μύες.

55 2162 116 2224 783
141 2155 301 2246 ὀρύσσετε
333 2161 495 2248 πασσάλῳ
528 2157 586 2241 τὰς
626 2198 628 2243 ;
667 2166 814 2229 πασσακὶ
836 2156 896 2240 τὰς
920 2157 1102 2248 δγλίθαςλ)
1131 2163 1200 2243 ἐξο-

186 2261 335 2352 dynam.
711 2267 857 2354 ρδσσετε.

56 2373 116 2435 786
142 2374 395 2462 δελφακουμένα]
626 2368 628 2439 l
668 2375 931 2458 δελφακουμένα.

57 2479 115 2542 787
141 2477 243 2567 ἓξειῧ)
274 2478 421 2568 μεγάλην
458 2507 491 2546 τε
530 2486 584 2547 καὶ
626 2458 628 2489 Ι
669 2480 736 2563 ἑξεῖ
754 2479 900 2567 μεγάλαν
923 2505 958 2546 τε
983 2483 1040 2546 καὶ
1058 2495 1199 2565 παχεῖαν

185 2602 327 2672 παχεῖαν
352 2589 540 2675 (κε’ρκσνῇβ)
626 2604 628 2681 j
712 2582 898 2675 κήρυθράν.

57 2692 117 2754 813
141 2697 344 2775 τροφαλίδας
626 2736 628 2759 1
667 2695 884 2780 προπαλίδος.

57 2797 117 2862 814
140 2791 179 2863 τδ
200 2793 238 2865 δ’λ
253 2791 376 2886 ἅτερον
395 2794 453 2884 [ἂν
472 2805 544 2884 λῇς]
554 2803 582 2887 ⁵)
626 2802 628 2867 l
667 2794 707 2865 τδ
732 2794 765 2865 δ>
789 2792 921 2885 ἅτερον,
944 2800 978 2865 αἰ
1001 2805 1067 2888 λῆς.

141 2905 245 2984 Quare
263 2929 335 2972 cum
350 2910 481 2972 eandem
497 2909 730 2991 corruptionem
743 2930 857 2971 uocum
868 2908 1091 2973 Laconicarum
1105 2909 1200 2972 etiam

57 3012 86 3075 in
114 3014 275 3079 codicibus
298 3013 393 3078 BOL
416 3022 592 3097 grassatam
615 3037 682 3079 csse
710 3019 876 3098 appareat,
904 3014 1047 3096 sequitur
1074 3020 1110 3077 ut
1138 3034 1202 3077 non
1234 3084 1237 3093 ¹

56 3117 165 3184 Suidas
193 3120 261 3203 ipse
288 3121 360 3207 illas
387 3123 578 3185 mutationes
607 3121 854 3204 perpetrauerit,
883 3142 993 3185 uerum
1021 3120 1120 3184 codex
1148 3119 1201 3182 ille

56 3246 91 3287 ex
117 3247 178 3310 quo
206 3226 321 3292 Suidaa
348 3218 583 3310 Aristophanea
609 3250 667 3291 sua
694 3228 864 3310 excerpsit,
891 3232 947 3290 aut
971 3225 1067 3290 simili
1089 3224 1209 3291 morbo>

56 3329 188 3398 afflictus
216 3333 311 3399 fuerit
339 3340 435 3416 atque
463 3335 586 3399 codices
609 3334 703 3399 BOL
727 3340 783 3398 aut
806 3332 981 3397 rarioribus
1004 3331 1113 3395 formis
1136 3330 1199 3394 La-

56 3440 167 3504 conicis
189 3442 336 3523 uulgatas
361 3441 483 3505 Atticas
507 3440 655 3504 habuerit
678 3441 915 3523 superscriptas.

57 3599 263 3610 ᾖ*

124 3689 143 3751 1)
161 3687 202 3741 sic
221 3704 242 3741 s.
262 3689 298 3756 gl.
323 3689 388 3751 Σῦς,
414 3694 443 3742 at
466 3705 486 3742 s.
507 3689 544 3756 gl.
567 3677 624 3750 ‘'Yg:
650 3682 745 3755 δόξητ’
770 3682 841 3755 ἦμεν
858 3681 958 3756 dyas&
977 3681 1045 3747 συός
1069 3680 1145 3754 (δόξη
1165 3687 1199 3751 τῇ

54 3772 104 3839 μὲν
120 3776 162 3841 V).

122 3864 145 3927 ³)
162 3861 190 3919 εἰ
207 3867 255 3918 καὶ
276 3861 424 3936 ἐκβαλεῖτε
443 3865 474 3918 Ε.

121 3942 224 4021 ’λῆξει
244 3960 315 4008 teste
334 3955 514 4023 Bernhardyo
535 3952 646 4006 collatio
666 3951 840 4005 Gronoviana
860 3950 963 4004 codicis
982 3952 1014 4005 V.

121 4042 142 4097 ‘t
162 4039 269 4112 κέρκον
287 4042 424 4111 glossema
443 4048 485 4096 est
505 4049 584 4096 extra
603 4057 712 4095 uersum
732 4040 896 4109 ponendum.

121 4131 142 4196 ⁶)
161 4131 313 4186 omiserunt
332 4131 441 4186 codices
460 4131 567 4184 AVBE.

122 4313 143 4363 *l
162 4305 311 4379 α’ροεραῖσι
332 4308 415 4362 etiam
435 4309 467 4361 R.

124 4398 146 4453 bl
166 4400 268 4468 γλλθας
287 4399 318 4453 R.
