2978 5114
492 1113 653 1180 LIBER
681 1113 988 1183 POSTERIOR.

693 1390 713 1467 s
740 1387 791 1452 19.

258 1531 413 1609 Quoniam
434 1528 587 1593 habemus
610 1534 763 1611 quantum
783 1550 822 1593 ex
844 1527 961 1594 Suidae
983 1529 1085 1595 lexico
1109 1552 1181 1595 oum
1205 1534 1316 1598 codici-

168 1638 228 1703 bus
247 1635 486 1719 Aristophaneis
509 1639 691 1717 comparato
715 1634 756 1698 ad
778 1635 877 1698 trium
900 1657 979 1718 quas
1001 1637 1211 1702 tractauimus
1229 1637 1317 1702 fabu-

168 1746 271 1809 larum
289 1748 470 1809 contextum
487 1741 718 1805 emendandum
736 1741 916 1807 redundare
930 1742 1039 1825 possit,
1057 1764 1142 1807 nunc
1156 1744 1317 1808 uideamus

169 1870 250 1932 quae
274 1848 372 1914 fuerit
394 1849 625 1913 scholiorum
648 1848 733 1930 apud
757 1847 887 1912 Suidam
909 1847 1055 1913 uersibus
1078 1850 1318 1933 Aristophaneis

170 1957 401 2038 adscriptorum
420 1956 509 2038 origo
524 1959 738 2038 quantumque
753 1954 933 2037 discrepent
951 1955 992 2019 ab
1010 1955 1059 2031 iis,
1078 1978 1160 2038 quac
1180 1959 1215 2021 111
1233 1957 1317 2022 codi-

170 2063 272 2140 cibus,
304 2085 342 2127 ex
373 2062 488 2144 quibus
521 2061 649 2145 quidem
681 2061 801 2125 schuha
827 2061 1048 2138 innotuerunt,
1080 2063 1317 2148 Aristophaneis

170 2171 387 2234 adseruantur.
709 2173 712 2178 '

258 2275 306 2338 De
329 2279 475 2338 ueterum
498 2280 605 2339 autem
630 2275 663 2337 in
686 2274 932 2356 Aristophanem
960 2274 1152 2339 scholiorum
1178 2274 1317 2340 lontibus

170 2382 296 2465 egregie
319 2381 477 2464 quaesiuit
500 2381 536 2444 Ο.
559 2379 782 2445 Schneiderus:
811 2382 838 2444 is
861 2381 1055 2462 argumentis
1078 2380 1215 2446 maxime
1238 2403 1317 2446 com-

128 2477 134 2483 ’
170 2495 282 2564 motus,
309 2508 391 2570 quae
419 2488 534 2570 petiuit
562 2509 600 2550 ex
628 2487 723 2551 schol.
751 2486 833 2550 Plut.
860 2486 944 2550 1037
974 2484 1011 2550 ὲν
1038 2485 1073 2549 δὲ
1097 2494 1145 2570 τῷ
1169 2480 1317 2574 ὑπομνή-

169 2617 247 2678 ματι
271 2584 390 2671 οὕτως,
414 2591 606 2674 00101.Ρο0.
632 2592 694 2656 757
719 2582 828 2667 οὕτως
853 2581 953 2676 εὗρον
977 2590 1014 2656 ἐν
1038 2585 1261 2680 ὑπομνήματι,
1289 2602 1318 2660 01

171 2723 210 2766 ex
232 2698 430 2781 Eustath1i1)
455 2698 536 2762 loco:
563 2690 603 2762 τὸ
629 2697 664 2762 δὲ
681 2698 837 2781 χαίρετον
862 2690 1064 2784 ἀρχαιοτάτη
1083 2693 1197 2786 φιλικὴ
1216 2719 1317 2785 προσ-

171 2802 334 2892 φώνησις,
367 2799 615 2887 {arctosarctos
644 2826 681 2868 τε
710 2804 767 2866 καὶ
796 2798 940 2888 ἑτεροῖα,
968 2796 1014 2881 ὡς
1042 2806 1098 2868 καὶ
1126 2797 1145 2869 ὃ
1173 2798 1318 2890 κωμικὸς

171 2914 228 2977 καὶ
260 2905 278 2975 ὁ
311 2903 389 2975 κατ’
423 2902 528 2975 αὐτὸν
560 2901 856 2995 ὑπομνηματιομός
888 2909 925 2975 ἐν
957 2918 1007 2995 τῷ
1039 2907 1184 2996 Πλούτῳ
1218 2914 1317 2999 δηλοῖ,

169 3040 268 3083 unum
290 3017 386 3081 fuisse
410 3019 669 3082 commentarium
690 3017 895 3100 praecipuum
923 3017 1113 3082 scholiorum
1140 3024 1317 3091 nostrorum

170 3124 299 3201 fontem,
318 3126 406 3188 cuius
425 3129 584 3192 auctorem
607 3123 828 3208 Symmachum
847 3143 914 3188 esse
933 3123 1012 3200 uult,
1036 3144 1169 3208 eumque
1188 3127 1317 3192 uetusti·

172 3253 261 3296 orum
284 3231 412 3314 quidem
435 3230 624 3296 scholiorum
646 3230 775 3294 unicum
797 3229 918 3294 fontem
941 3251 1009 3295 esse
1027 3234 1222 3312 argumentis
1245 3255 1316 3318 pro·

171 3338 248 3404 bare
271 3344 401 3403 conatus
424 3343 472 3403 est
495 3338 578 3424 (pag.
598 3338 643 3425 9).
690 3337 732 3401 At
756 3357 849 3422 quam
867 3335 992 3401 infirma
1011 3343 1124 3414 essent,
1147 3361 1229 3423 quae
1245 3361 1316 3424 pro·

171 3445 246 3509 tulit
269 3445 320 3508 uir
343 3445 542 3510 doctissimus
565 3447 604 3509 ad
629 3444 853 3509 stabiliendam
875 3464 964 3507 suam
983 3446 1182 3522 sententiam,
1200 3437 1346 3529 primus'

172 3551 279 3615 docuit
302 3548 484 3614 Dindorfius
511 3550 544 3612 in
568 3550 731 3616 Addendis
757 3553 798 3615 ad
821 3550 1013 3615 scholiorum
1036 3550 1098 3614 uol.
1121 3549 1138 3614 I
1160 3572 1232 3636 pag.
1255 3551 1315 3616 388

171 3679 253 3740 sqq„
284 3678 357 3720 mox
385 3655 569 3720 Schneideri
604 3658 792 3722 sententiam
825 3655 980 3720 refutauit
1012 3655 1047 3720 Ο.
1077 3655 1260 3724 Gerhardus
1286 3659 1316 3721 in

142 3846 144 3850 y
171 3762 271 3828 libelli
290 3784 385 3844 quem
403 3763 443 3827 de
463 3763 647 3828 Aristarcho
667 3762 889 3845 Aristophanis
909 3763 1081 3843 interprete
1100 3765 1179 3829 scite
1198 3769 1230 3829 et
1249 3764 1315 3829 dili-
1356 3753 1358 3757 ¹

172 3875 283 3952 genter
301 3869 427 3951 scripsit
446 3869 590 3953 (Bonnae
607 3868 708 3952 1850)
727 3870 831 3951 capite
850 3870 967 3952 prim03
992 3868 1019 3932 is
1037 3862 1078 3932 τὰ
1097 3861 1315 3957 ὑπομνήματα

171 3977 222 4041 1101
238 3972 310 4040 ἔνια
324 3983 394 4039 τῶν
409 3965 670 4060 ὑπομνημάτων,
689 3996 770 4056 quae
783 3975 898 4057 plurali
914 3995 1044 4038 numero
1062 3975 1202 4040 citantur
1211 3978 1247 4060 ²),
1266 3977 1315 4040 de-

172 4084 361 4149 monstrauit
385 4066 612 4147 Schneiderum
636 4080 715 4145 falso
738 4082 968 4146 existimauisse
992 4082 1103 4147 eadem
1131 4103 1212 4159 esse,
1240 4103 1316 4165 quae
1343 4083 1348 4096 '

246 4245 265 4308 ¹)
284 4244 320 4296 ad
339 4243 369 4294 ll.
390 4257 433 4309 pg.
455 4241 532 4304 1483,
552 4242 594 4295 31.

244 4331 264 4394 ²)
284 4331 368 4383 schol.
392 4331 476 4396 Vesp.
502 4329 553 4382 541
578 4330 642 4395 961,
667 4331 719 4382 Au.
745 4330 963 4384 1015184551
988 4329 1040 4383 181
1065 4329 1228 4384 1141Ρ1111.
1252 4328 1313 4392 3853

172 4418 207 4474 cf.
226 4418 350 4473 Dindorf.
370 4417 496 4472 Addend.
517 4434 560 4485 pg.
582 4419 635 4472 389
647 4433 669 4472 0.
