2978 5114
613 401 649 409 -
701 362 796 445 [244]
844 403 884 411 -

699 650 718 726 e
742 648 793 712 31.

265 807 461 890 Comparatis
484 808 583 890 igitur
606 808 732 872 scholiis
756 806 903 872 Suidanis
927 831 997 872 eum
1020 814 1156 892 utroque
1180 813 1315 876 codicum

176 936 289 999 genere
314 914 483 999 (lt-Vei
517 921 549 978 et
581 915 712 998 prolatis
743 914 880 997 propriis
912 914 1029 980 Suidae
1060 917 1315 983 adnotationibus

175 1023 234 1088 hoe
253 1023 454 1087 statuendum
474 1028 535 1086 ost:
560 1022 751 1086 secernenda
769 1043 835 1086 esse
855 1021 975 1086 scholia
993 1022 1134 1088 Suidana
1158 1046 1196 1088 ex
1214 1026 1315 1090 codice

175 1131 281 1212 aliquo
295 1129 340 1193 XI
360 1130 539 1194 fabularum
554 1128 856 1210 Aristophanearum
876 1130 1034 1213 descripta
1052 1130 1092 1195 ab
1113 1137 1246 1215 utroque
1265 1132 1315 1198 illo

67 1240 71 1248 ’
175 1239 316 1304 codicum
343 1257 457 1321 genere
485 1242 517 1301 et
545 1235 777 1318 singularem
804 1244 1041 1319 repraesentare
1068 1239 1220 1318 classem,
1240 1261 1316 1322 quae

174 1346 235 1410 etsi
259 1338 447 1409 aduentieiis
470 1351 503 1408 et
526 1342 753 1408 recentioribus
776 1344 1034 1409 adnotationibus
1057 1346 1203 1410 similiter
1225 1354 1315 1428 atque

175 1453 296 1517 codices
326 1451 384 1515 Va
407 1457 500 1516 aucta
527 1456 560 1515 et
586 1451 751 1534 inquinata
779 1456 839 1528 est,
867 1456 974 1516 tamen
1002 1453 1215 1536 compluribus
1242 1454 1315 1519 locis

174 1560 378 1641 integriorem
410 1558 521 1624 scholii
549 1557 682 1623 sormam
710 1579 780 1622 cum
806 1558 1005 1637 Rauennate,
1037 1561 1123 1623 haud
1150 1581 1223 1625 raro
1252 1563 1315 1626 sola

174 1666 359 1743 seruauerit,
381 1666 516 1749 ideoque
540 1664 651 1748 dignas
675 1687 741 1730 esse
765 1664 881 1730 Suidae
904 1667 1126 1732 adnotationes
1148 1706 1191 1714 —
1215 1689 1314 1732 emen-

174 1773 258 1838 datis
290 1774 409 1838 scilicet
437 1778 469 1837 et
497 1773 595 1856 ipsius
623 1777 655 1836 et
682 1772 883 1837 librariorum
910 1774 1070 1838 erroribus
1101 1813 1141 1822 -
1171 1797 1250 1858 quae
1277 1777 1314 1840 ad

174 1881 423 1964 componendum
444 1881 497 1944 uel
519 1880 560 1943 ad
584 1879 821 1962 perpoliendum
845 1901 957 1964 corpus
981 1881 1171 1946 scholiorum
1195 1884 1228 1945 in
1247 1883 1314 1946 Ari-

173 1988 339 2071 stophanis
366 1987 542 2053 comoedias
565 1989 826 2070 conscriptorum,
850 1990 943 2070 quale
966 1989 1092 2071 parauit
1121 1987 1157 2054 G.
1182 1991 1313 2054 Dindor-

173 2095 241 2174 fius,
263 2096 387 2161 ratione
410 2100 442 2160 et
465 2093 594 2159 consilio
618 2093 838 2160 adhibeantur.

260 2381 347 2480 Haec
383 2378 481 2444 habui
513 2380 547 2443 in
578 2379 746 2463 Equitibus
779 2380 1109 2464 Thesmophoriazusis
1141 2384 1314 2468 Lysistrata

172 2488 362 2571 scholiisque
384 2489 418 2552 in
441 2509 494 2552 eas
512 2488 696 2570 conscriptis
715 2509 796 2570 quae
813 2487 988 2571 proferrem
1007 2490 1048 2554 ad
1066 2490 1314 2556 adumbrandam

173 2595 393 2679 Aristophanis
416 2594 584 2677 imaginem
606 2595 639 2658 in
658 2592 774 2660 Suidae
792 2594 891 2660 lexico
911 2617 1097 2679 expressam.
1135 2599 1183 2663 De
1203 2599 1314 2664 codicis

150 2759 152 2762 Α
172 2709 278 2768 autem
296 2703 519 2786 Aristophanei
543 2723 635 2784 quern
654 2701 768 2767 Suidas
791 2703 938 2766 adhibuit
960 2705 1150 2770 auctoritate
1169 2707 1217 2770 ita
1234 2707 1313 2771 iudi-

172 2810 324 2887 cabimus,
352 2814 387 2873 ut
413 2830 476 2874 non
498 2808 626 2873 nimiam
649 2809 723 2874 huic
746 2809 845 2874 codici
869 2797 1091 2877 auctoritatem
1113 2812 1314 2878 tribuendam

172 2939 239 2982 esse
263 2938 452 2982 censeamus.
494 2916 576 2980 Nam
600 2922 631 2980 et
654 2917 912 2982 adnotationibus
934 2919 1162 2985 recentioribus
1185 2921 1313 2986 nullius·

171 3046 233 3108 que
255 3023 350 3108 pretii
373 3025 483 3088 eodem
505 3023 571 3089 fere
593 3023 686 3088 modo
709 3028 805 3107 atque
828 3025 949 3091 codices
975 3025 1034 3090 Vo
1057 3029 1229 3092 instructus
1249 3033 1313 3093 erat

171 3132 266 3197 etad
296 3131 549 3196 constituendum
576 3130 754 3195 fabularum
782 3138 963 3201 contextum
990 3135 1023 3197 in
1052 3133 1312 3217 Thesmophoria-

170 3239 253 3303 znsis
271 3238 399 3321 quidem
416 3244 526 3303 contra
540 3260 636 3303 unum
650 3239 713 3303 R⁰m
727 3241 892 3323 permultis
906 3240 982 3305 locis
996 3241 1165 3322 genuinam
1179 3244 1312 3325 seriptu-

171 3367 239 3410 ram
260 3345 407 3422 retinuit,
434 3346 660 3428 propemodum
687 3345 768 3409 nihil
790 3346 883 3411 affert
906 3347 938 3409 in
962 3345 1152 3429 Lysistrata‚
1180 3350 1313 3432 denique

170 3452 203 3516 in
222 3452 390 3534 Equitibus
414 3452 570 3535 integram
592 3457 705 3536 poetae
728 3455 839 3518 comici
861 3454 1028 3519 lectionem
1047 3455 1228 3537 saepissime
1247 3477 1313 3520 cum

170 3558 270 3624 altero
303 3565 375 3623 utro
408 3581 446 3624 ex
478 3561 620 3624 codicum
647 3560 816 3644 generibus
843 3560 1138 3626 a-v-P-Aren
1166 3565 1312 3638 seruauit,

169 3666 277 3750 paucis
300 3667 377 3731 locis
400 3673 433 3732 et
456 3667 540 3732 inter
563 3689 616 3732 eos
639 3690 702 3733 uno
725 3668 881 3752 grauioris
904 3670 1055 3734 momenti
1079 3669 1093 3756 (
1113 3719 1120 3733 .
1140 3670 1221 3756 517)
1246 3693 1312 3735 curn

170 3775 237 3838 solo
265 3774 370 3839 codiee
394 3778 434 3840 M
453 3774 705 3862 (Ambrosiam),
733 3777 821 3842 cuius
848 3775 1054 3859 archetypum
1082 3777 1166 3842 inter
1194 3779 1313 3843 codices

169 3881 418 3965 Aristophaneos
432 3883 624 3966 singularem
638 3885 740 3949 locum
755 3883 928 3949 obtinuisse
940 3884 1076 3968 probare
1086 3887 1191 3949 conati
1201 3907 1312 3960 sumus,

170 3991 386 4073 incorruptum
405 3991 650 4074 Aristophanem
668 3997 894 4076 repraesentat,
912 4013 984 4057 raro
1004 3993 1139 4073 denique
1158 3994 1243 4058 solus
1261 4015 1312 4057 an-

170 4119 237 4162 sam
259 4096 392 4180 praebet
415 4098 629 4163 restituendae
652 4121 746 4165 uerae
768 4100 919 4166 lectionis.
966 4099 1002 4163 In
1026 4098 1132 4164 codice
1152 4103 1193 4163 M
1210 4107 1313 4164 autem

170 4206 366 4270 aestimando
389 4207 621 4271 eoncedendum
644 4205 772 4291 quidem
796 4216 852 4286 est,
874 4209 958 4273 hunc
980 4208 1095 4272 librum
1119 4214 1230 4290 utpote
1248 4228 1311 4272 sae-

170 4313 240 4376 culo
263 4312 375 4378 ΧΙΙΙΙ0
403 4318 567 4378 exaratum
593 4336 656 4379 non
680 4337 787 4381 carere
810 4318 849 4382 iis
871 4318 973 4394 uitiis,
1001 4317 1113 4400 quibus
1137 4320 1241 4384 solent
1263 4340 1311 4384 co·

170 4418 255 4483 dices
283 4421 472 4486 recentiores
499 4428 633 4499 scatere,
661 4428 801 4489 attamen
828 4427 956 4491 uidetur
983 4426 1080 4491 codex
1104 4429 1145 4490 M
1163 4448 1202 4491 ex
1229 4427 1310 4492 haud
