2978 5114
275 366 315 447 ra
709 402 750 410 -
799 365 894 446 [aaa]
942 403 983 410 -

273 553 364 644 ιιιιρά
392 551 620 643 Ἀριστοφάνει
644 555 680 620 ἐν
700 550 880 623 Ἱππεῦσιν.
928 551 1065 645 Ἑλίχθη
1094 558 1130 623 δὲ
1159 557 1215 623 ἐπὶ
1238 567 1308 624 τῶν
1331 560 1421 645 μέχρι

272 669 403 729 aolino
427 663 674 748 διεσκυίμίνων
705 663 968 749 (διείκυσμένων
992 665 1096 741 Phot,
1125 664 1384 750 διειίκυσμίνων
1396 667 1422 752 ¹)

273 770 422 836 Prouerb.
453 771 593 853 append.
623 771 694 835 Vat.
723 777 802 836 cent.
831 771 876 835 IV
904 771 962 858 49)
998 777 1030 835 et
1061 793 1143 854 quae
1179 780 1354 856 sequuntur
1385 797 1422 838 ex

273 878 555 961 paroemiographo
579 880 715 961 quodam
738 877 864 943 fluxisse
887 877 1060 943 uerisimile
1084 885 1140 943 est.

363 985 444 1049 Item
464 1007 486 1049 s.
506 985 546 1067 gl.
566 980 740 1070 Κύττορος
759 984 815 1071 (ad
834 984 1022 1068 Thesmoph
1037 985 1117 1068 516)
1138 986 1295 1068 copiosior
1313 986 1421 1050 scholii

273 1092 389 1168 forma,
425 1113 519 1175 quam
552 1093 693 1156 seruauit
722 1091 836 1156 Suidas
869 1113 938 1155 cum
972 1090 1102 1155 Photio:
1135 1083 1155 1176 ἡ
1189 1098 1248 1179 τῆς
1275 1086 1421 1172 βαλάνου

273 1199 401 1274 τιυείίς·
429 1190 450 1283 ἢ
478 1190 517 1262 τὸ
546 1193 819 1285 ιιροεξάνθηματ
837 1207 875 1285 ῆς
903 1195 1009 1282 ῥοιᾶς·
1037 1189 1058 1282 ἢ
1086 1188 1105 1282 η
1136 1195 1172 1260 ἐν
1201 1209 1274 1274 τοῖς
1297 1198 1421 1283 κηρίοις

273 1312 344 1368 των
371 1308 536 1386 μελιττῶν
563 1306 679 1380 τιυείίς
709 1305 765 1367 κοί
789 1302 1002 1390 κιιτάτρησις,
1031 1303 1124 1367 facile
1148 1326 1187 1368 ex
1211 1304 1420 1386 descriptione

274 1413 411 1493 quadam
439 1432 543 1474 rerum
567 1410 759 1474 naturalium
777 1432 860 1475 nunc
879 1411 1046 1494 deperdita
1065 1410 1097 1473 in
1116 1410 1283 1492 utriusque
1301 1410 1420 1475 lexicon

273 1519 406 1582 introire
430 1517 578 1600 potuit2).

363 1623 464 1688 Simili
487 1624 581 1687 modo
605 1644 730 1707 quaes.
754 1622 794 1704 gl.
819 1618 956 1709 Κορύκη
980 1626 1065 1706 apud
1088 1629 1260 1708 utrumque
1286 1628 1318 1686 et
1340 1621 1417 1703 apud

274 1730 464 1813 Hesychium
487 1729 648 1812 leguntur:

416 1836 503 1901 Suid.
802 1836 893 1901 Phot.
1170 1836 1304 1919 Hesych.

319 1938 439 2026 >ε’δεσμο
473 1942 510 2006 ἐκ
542 1947 623 2006 τιοί-
729 1935 848 2025 ἕδεσμιι
872 1941 909 2006 ἐκ
928 1948 1011 2008 πολ-

273 2056 344 2115 ίων
399 2051 625 2133 συγκείμενον,
684 2053 754 2112 λων
784 2051 1010 2132 συγκείμενον.

273 2163 390 2242 βρῶμα
426 2152 554 2221 Λύδιον
592 2154 627 2236 ἐξ
685 2157 758 2242 (nec
768 2158 934 2238 quicquam
944 2176 1011 2220 am·
1069 2162 1187 2242 βρῶμα
1224 2153 1351 2222 Λύδιον
1387 2152 1418 2234 ἐξ

275 2261 412 2346 αἵματος
435 2263 492 2325 καὶ
513 2256 625 2326 ἄλλων
684 2262 782 2347 plius)
1072 2261 1211 2347 αἵματος
1235 2264 1292 2328 καὶ
1312 2257 1416 2326 talou

275 2364 476 2452 ἐδεσμάτων,
500 2360 560 2448 εἶφ’
585 2356 625 2432 οὗ
1070 2363 1285 2456 ἡδυσμάτων,
1305 2361 1363 2450 ἀφ’
1381 2355 1416 2430 ού

274 2476 331 2540 κοὶ
366 2466 408 2538 τά
442 2469 626 2566 συντοράτ-
1071 2478 1127 2540 καὶ
1151 2481 1221 2541 κτλ.

274 2604 345 2646 τειν
382 2605 414 2645 τι
451 2584 507 2645 κοί
545 2573 625 2645 άνιι-

276 2685 385 2754 δεύειν
428 2682 627 2773 καρυκεύειν

275 2796 365 2876 φασί,

275 2925 313 2965 ex
337 2902 493 2966 communi
516 2899 603 2964 fonte
626 2901 673 2963 ita
695 2897 866 2976 fluxerunt,
894 2907 929 2964 ut
953 2900 1066 2966 Suidas
1092 2901 1268 2984 pleniorem
1298 2907 1331 2967 et
1356 2921 1417 2965 rea·

274 3009 389 3072 tiorem
409 3045 447 3054 -
470 3007 612 3090 ineptum
631 3007 715 3071 enim
734 3013 781 3070 est
799 2999 1000 3093 ἡδυσμάτων
1019 3008 1168 3093 Hesychii
1190 3008 1417 3074 -retinuerit

364 3113 433 3190 Qua
460 3113 493 3177 in
521 3113 742 3196 disquisitione
770 3134 864 3195 saepe
891 3134 954 3177 non
977 3121 1123 3180 accurate
1146 3121 1254 3197 potest
1278 3115 1418 3189 discerni,

274 3225 381 3283 utrum
410 3220 522 3284 Suidas
546 3242 585 3284 ex
608 3220 715 3284 codice
738 3240 794 3283 suo
823 3218 1055 3302 Aristophaneo
1083 3220 1236 3285 scholium
1266 3223 1418 3305 quoddam

275 3327 491 3410 descripserit,
518 3346 558 3389 an
583 3347 621 3389 ex
638 3325 707 3389 'alio
731 3324 817 3389 fonte
841 3326 1079 3391 adnotationem
1101 3328 1254 3410 aliquam,
1279 3350 1360 3410 quae
1381 3328 1419 3392 ad

275 3432 497 3516 Aristophanis
525 3431 625 3497 uerba
657 3431 842 3514 quadraret,
875 3435 1145 3515 transsumpserit3
1178 3455 1215 3497 ac
1242 3456 1283 3499 ne
1316 3435 1419 3499 uariae

277 3540 403 3622 quidem
440 3538 559 3603 citandi
595 3538 715 3602 formae
753 3559 772 3601 a
804 3536 903 3604 Suida
937 3541 969 3601 in
1000 3539 1102 3604 lexico
1138 3539 1304 3605 adhibitae
1342 3541 1418 3624 (sino

277 3651 389 3727 poetae
418 3644 605 3727 fabulaeque
635 3644 773 3721 nomine,
810 3637 1061 3731 Ἀριστοφάνης,
1094 3637 1140 3724 ὡς
1175 3637 1419 3733 Ἀριστοφάνης,

277 3741 385 3826 οὕτως
438 3745 687 3837 Ἀριστοφάνης,
748 3744 984 3836 Ἀριστοφάνης
1030 3753 1125 3837 φησί,
1184 3743 1418 3838 Ἀριστοφάνης

275 3859 399 3921 adiecta
422 3857 472 3920 uel
497 3859 611 3922 omissa
633 3859 867 3940 praepositione
892 3858 928 3922 ἐν
947 3880 1017 3922 cum
1036 3859 1130 3922 titulo
1149 3857 1292 3945 fabulae)
1316 3880 1418 3923 ansam

275 3984 465 4029 canonemue
506 3963 657 4046 praebere
699 3969 830 4046 queunt3
872 3985 1059 4047 quamquam
1101 3965 1161 4028 hoo
1201 3971 1325 4029 certum
1362 3970 1417 4028 est:

350 4144 367 4207 ¹)
390 4141 525 4194 Kusterus
549 4137 800 4207 διεσκολλομένων,
826 4140 947 4209 Toupius
972 4137 1054 4210 μέχρι
1078 4142 1161 4194 actori
1185 4138 1416 4208 διεσκοίωμίνον.

348 4230 368 4295 ²)
391 4229 424 4283 cf.
454 4229 490 4298 gl.
517 4224 588 4283 Πόα.
623 4224 744 4298 Ἔκάστη
773 4224 878 4300 βοτάνη
904 4232 977 4291 xva,
1008 4245 1078 4298 quae
1106 4229 1198 4298 glossa
1222 4245 1257 4283 ex
1281 4230 1364 4285 Suida
1391 4230 1416 4281 in

275 4317 405 4374 Aldinam
430 4317 623 4387 Aristophanis
652 4318 799 4372 editionem
827 4317 1042 4385 transmigrauit.
1072 4317 1106 4371 cf.
1136 4317 1262 4372 Dindorf.
1293 4325 1357 4373 tom.
1381 4318 1416 4371 lV

275 4425 319 4478 pg.
340 4410 406 4464 VIII
425 4410 516 4463 adnot.
537 4424 561 4460 a.
