2978 5114
604 425 647 433 -
694 387 790 469 [aar]
838 428 880 435 -
1220 348 1223 354 ’
1275 390 1314 454 τι

169 582 292 659 ἀελίοιο·
315 582 459 647 concedit
483 584 566 647 enim
590 583 657 665 ipse
681 582 825 647 Naberus
850 583 981 647 Suidam
1004 605 1061 647 sua
1083 585 1226 666 undiquc
1249 605 1316 649 cor-

169 690 284 753 rosisse
307 710 347 753 ea
369 687 561 767 scholiastes,
588 690 632 752 αιί
654 688 905 769 Aristophanem
925 690 1124 770 potissimam
1147 692 1208 768 uel,
1231 692 1317 773 quod

167 795 282 872 malim,
306 817 346 860 ex
369 795 475 860 codice
494 794 727 878 Aristophaneo
750 795 877 862 scholiis
901 798 979 861 satis
1002 798 1135 880 copiosis
1154 797 1316 861 instructo.

257 903 299 966 At
326 925 368 967 ne
395 901 557 967 breuiores
585 902 714 983 quidem
736 902 869 985 glossas,
898 924 979 987 quae
1006 905 1091 987 apud
1114 903 1263 968 Photium
1286 909 1318 968 et

168 1010 251 1092 apud
265 1007 397 1073 Suidam
415 1009 618 1091 reperiuntur
636 1008 859 1074 desiderantur
876 1032 952 1077 uero
971 1012 1004 1075 in
1024 1010 1183 1076 codicibus
1202 1010 1318 1075 nostris

170 1115 422 1199 Aristophaneis,
454 1137 474 1180 a
501 1114 600 1179 Suida
627 1137 666 1179 ex
692 1116 746 1180 illo
775 1100 957 1199 desumptas
985 1138 1052 1182 csse
1078 1123 1200 1200 putem3
1234 1117 1318 1200 quod

169 1223 293 1305 quidem
317 1243 472 1306 apparere
494 1223 625 1286 uidetur
647 1243 685 1286 ex
708 1224 748 1306 gl.
766 1217 954 1308 ’Ήννοτρον
978 1226 1020 1288 ad
1043 1224 1100 1307 Eq
1120 1225 1194 1301 356,
1217 1225 1272 1289 ubi

368 1329 497 1394 suidas.
741 1328 744 1413 1
976 1331 1067 1394 Phot'
1045 1335 1122 1395 t:1us

170 1429 208 1501 τὰ
230 1429 333 1522 παχὺ
356 1435 475 1566 μέρος
497 1442 555 1523 τῆς
575 1420 744 1555 κριλίαςί
783 1429 823 1501 τὸ
851 1437 1072 1522 παχυμερὲς
1103 1444 1162 1522 τῆς
1190 1438 1318 1512 κοιλίας

171 1545 205 1609 έν
229 1543 369 1629 ἐντέρῳ
400 1543 445 1620 εἰς
468 1543 543 1627 τρία
567 1533 629 1626 γὰρ
652 1541 702 1605 τέ-
742 1494 744 1608 l
786 1535 938 1665 insopor·
964 1545 1018 1607 uir
1043 1567 1089 1619 εις
1107 1545 1183 1628 τρια
1201 1567 1318 1630 τετμη

171 1675 286 1738 τμηται
312 1643 332 1737 ἦ
356 1646 494 1737 γαστήρ
524 1641 745 1735 ἤνυστρον),ι
784 1672 838 1712 ται
856 1641 876 1734 ἡ
895 1646 1033 1736 γαστήρ·
1057 1644 1236 1736 ἤνυστρον,
1257 1649 1317 1735 ἐχί-

172 1758 289 1842 ἐχῖνον,
316 1753 542 1843 κεκρύφαλον.
743 1776 744 1841 3
784 1777 856 1834 νον,
880 1755 1103 1842 κεκρύφαλον.

173 1867 267 1948 Atqui
295 1865 399 1929 elucet
426 1885 464 1927 ex
491 1861 662 1946 Hesychio:
694 1855 883 1948 ἤνυοτραμ]
912 1860 946 1927 αἱ
973 1865 1097 1928 κοιλίαι
1119 1870 1190 1927 τῶν
1215 1867 1318 1942 βοῶν,

172 1964 190 2035 ί
212 1963 251 2036 τὸ
274 1962 379 2053 παχὺ
401 1970 518 2055 μέρος
541 1962 665 2047 αὐτῶν,
689 1967 820 2032 Suidam
843 1969 903 2033 hoc
922 1969 989 2034 loco
1008 1972 1176 2051 genuinam
1195 1971 1317 2050 glossae

172 2079 301 2143 sormam
325 2072 505 2150 retinuisse3
520 2076 583 2163 ‘qui
606 2076 633 2138 si
656 2097 695 2139 ex
716 2075 829 2139 Photio
852 2096 910 2139 sua
933 2066 1141 2159 compilasset,
1166 2080 1318 2152 certant

171 2185 308 2267 alioquin
342 2204 424 2265 quae
452 2182 608 2264 excerpsit
636 2203 706 2245 cum
738 2181 912 2263 puluisculo
944 2184 1084 2265 recipere
1117 2182 1229 2245 solitus
1261 2188 1319 2256 est,

171 2293 377 2375 deprauatam
400 2290 485 2354 illins
507 2289 631 2370 glossae
654 2287 786 2352 formam
809 2289 865 2351 uix
888 2289 1093 2371 repudiasset.

258 2396 390 2462 Accedit
418 2396 502 2477 quod
530 2395 683 2478 quidquid
712 2395 826 2460 Suidas
854 2395 886 2458 in
914 2395 1025 2477 glossis
1048 2395 1089 2457 ad
1113 2416 1223 2459 uersus
1248 2395 1319 2457 Ari·

171 2505 360 2589 stophaneos
387 2501 620 2586 pertinentibus
644 2523 714 2565 cum
736 2501 852 2564 Photio
876 2521 1038 2571 commune
1060 2499 1170 2577 habet,
1197 2501 1318 2564 breuis-

172 2613 266 2678 simae
307 2613 493 2694 plerumque
534 2613 607 2672 sunt
648 2609 843 2690 singularum
885 2629 997 2671 uocum
1033 2609 1319 2689 interpretationes,

172 2741 248 2802 qnae
272 2718 360 2802 apud
379 2716 510 2781 Suidam
529 2716 558 2779 ei
577 2713 696 2779 scholio
715 2714 904 2800 praeoedere
924 2714 1034 2790 solent,
1057 2714 1143 2795 quod
1164 2718 1196 2778 et
1215 2713 1319 2796 ipsum

172 2826 202 2888 in
233 2823 397 2890 codicibus
430 2820 670 2903 Aristophaneis
703 2821 831 2902 legitur,
868 2820 965 2885 uoluti
998 2821 1039 2884 ad
1071 2843 1101 2885 u.
1136 2820 1198 2883 154
1231 2843 1254 2884 s.
1277 2820 1317 2900 gl.

173 2930 410 3017 Προοκέψομαι
443 2926 562 2992 scholio
591 2926 633 3001 ei,
660 2928 743 3008 quod
772 2930 867 2991 ctiam
890 2929 923 2991 in
947 2926 1107 2992 codicibus
1132 2927 1318 3009 Aristopha-

174 3041 237 3104 neis
256 3039 383 3122 legitur,
403 3033 548 3117 explicat
540 3053 570 3095 10
589 3034 765 3114 praemittit
740 3056 805 3097 rur
823 3028 1063 3118 περιοκοπήοοι
1083 3033 1201 3108 eadem,
1224 3054 1319 3115 quum

173 3131 319 3241 Photiusb
339 3148 441 3207 uetur.
478 3140 629 3222 Idemque
647 3141 761 3205 ualet'
721 3146 786 3205 tm
805 3141 844 3223 gl
865 3140 1079 3222 Πτερυγίζονν
1102 3139 1141 3201 ad
1160 3138 1218 3220 Eq
1238 3139 1318 3202 522:

172 3247 354 3334 πετόμενος
374 3248 388 3336 ΙΙ
408 3248 449 3331 gl.
469 3239 608 3311 Ρόθιον
631 3247 673 3310 ad
695 3248 752 3331 Eq.
776 3247 855 3310 546:
878 3236 917 3308 τὸ
941 3267 1023 3348 μετα
1047 3240 1164 3326 ψόφου
1188 3237 1319 3331 κῦμαῆ

173 3353 304 3442 ριῦμαίΙ
321 3356 361 3438 gl.
381 3347 490 3419 Ηνίαι
513 3355 554 3418 ad
578 3353 635 3436 Eq
664 3355 762 3418 1109:
787 3360 890 3439 λτῦροι
911 3356 1059 3434 χαλινῶν
1076 3349 1089 3437 ll
1105 3351 1145 3432 gl
1168 3354 1320 3438 Στερίφη

172 3463 209 3524 ad
233 3460 423 3546 Thesmoph.
447 3461 528 3525 6411:
557 3469 686 3542 σπεῖρα,
709 3451 752 3545 μὴ
776 3466 920 3524 τεκοῦσα
944 3456 1040 3543 (μηδὲ
1063 3459 1225 3522 τίκτουσα
1248 3459 1319 3523 add.

173 3567 319 3649 Photius)
336 3565 349 3653 ΙΙ
366 3567 406 3650 gl.
425 3562 562 3652 Συβήνη
586 3566 627 3629 ad
649 3564 835 3648 Thesmoph.
859 3565 955 3627 1197:
978 3558 998 3650 ἡ
1024 3565 1202 3650 δερματίνη
1222 3556 1320 3629 αὐλο-

173 3669 270 3760 9ήκη,
294 3665 316 3758 ἢ
338 3665 358 3758 ἡ
382 3672 531 3758 φαρέτρα
548 3671 561 3759 ll
578 3672 618 3756 gl.
641 3668 737 3755 Πάοῃ
761 3670 858 3754 τέχνῃ
881 3672 921 3733 ad
942 3671 1012 3754 Lys.
1032 3671 1112 3735 412:
1136 3668 1174 3733 έκ
1192 3663 1320 3746 παντὸς

171 3775 302 3863 τρόπον
327 3778 340 3866 ΙΙ
365 3780 405 3862 gl.
428 3776 605 3864 Στρόφιον
632 3781 673 3842 ad
702 3779 772 3861 Lys.
797 3780 875 3842 931:
907 3769 946 3840 τὸ
980 3773 1184 3860 στρογγύλον
1212 3771 1318 3856 §crvd-

173 3908 252 3969 ριον.
280 3924 321 3933 -

259 3991 432 4075 Longiores
455 4013 532 4056 uero
555 3991 786 4066 adnotationes,
809 3990 922 4054 Photio
947 3996 979 4054 et
998 3989 1115 4054 Suidae
1134 4007 1321 4063 communes,

174 4120 250 4182 quac
278 4100 395 4164 desinit
422 4100 454 4162 in
482 4098 642 4163 codicibus
669 4097 786 4162 nostris
814 4095 1068 4178 Aristophanem,
1095 4097 1127 4159 in
1155 4097 1320 4178 utriusque

174 4205 269 4271 libros
289 4228 328 4270 ex
345 4207 500 4271 communi
515 4205 602 4270 fonte
618 4203 748 4267 fluxisse
760 4204 859 4285 magis
873 4205 1063 4284 putauerim,
1082 4223 1175 4285 quam
1189 4200 1320 4265 Suidam

174 4311 277 4377 Photii
296 4312 418 4377 lexicon
437 4314 629 4397 compilasse.
667 4309 761 4376 Velut
781 4309 896 4373 Suiduo
916 4315 948 4373 et
968 4309 1075 4383 Photii
1093 4309 1228 4390 glossam
1247 4309 1320 4371 Ψιο-

175 4408 234 4480 λόν
251 4416 411 4502 γενέσθαι
431 4419 482 4482 del
499 4435 532 4483 σε
553 4417 646 4502 μέχρι
665 4424 726 4481 τοῦ
741 4417 903 4499 μυρρίνου
919 4415 990 4499 (Eq.
1002 4416 1090 4498 964).
1106 4407 1149 4478 Ἡ
1157 4414 1320 4500 παροιμία
