2978 5114
202 383 358 457 ,96

404 580 454 643 Ad
478 601 504 642 V.
529 579 607 645 814:

412 685 432 751 S
457 708 480 751 s.
500 687 540 768 gl.
564 676 750 769 Ἐπιχειλές

315 783 405 857 οὗτοι
432 792 560 877 λέγεται
586 791 710 879 μέτρον
737 785 844 880 τὸμὴ

313 904 450 986 πλῆρες,
505 891 579 964 ἀλλ’
630 892 845 965 ἀπολειπό-

313 1029 443 1090 μενον.

1159 687 1232 752 W:

927 791 1085 877 έπιχειλὲς
1116 784 1179 879 γὰρ
1212 792 1334 878 μέτρον
1364 791 1441 876 λέγε·
1469 826 1471 834 ·

925 923 980 964 ται
1025 891 1065 964 τὸ
1110 891 1154 987 μὴ
1199 904 1334 985 πλῆρες,
1383 889 1441 995 ἀλλ’

926 1001 1266 1092 οἷπομεσούμενον.

314 1105 588 1198 ἄπομεσούμενον
599 1108 825 1179 Valckenarius
836 1117 861 1199 1)
877 1116 1014 1180 correxit
1028 1116 1061 1178 in
1075 1107 1368 1199 ἄποραοσόμενονς
1382 1119 1442 1176 utra

313 1225 419 1285 autem
455 1222 614 1287 uariarum
650 1222 819 1286 lectionum
852 1242 1108 1307 synonymarum,
1140 1221 1341 1286 Valckenarii
1371 1212 1441 1284 α’πο

313 1325 524 1412 μασσόμενον
548 1327 704 1393 Suidaene
732 1321 1012 1414 ἀπολειπόμενον,
1039 1329 1126 1412 prior
1153 1328 1250 1393 fuerit
1274 1328 1306 1391 in
1329 1326 1441 1402 scholio,

313 1436 346 1498 in
370 1435 466 1500 dubio
490 1442 639 1501 remanet.

403 1542 452 1606 Ad
480 1565 506 1607 v,
532 1534 914 1627 1185'sv1296vaav2

1019 1541 1191 1623 ,βέλτιον
1220 1540 1271 1621 δε
1298 1533 1358 1628 τὴν
1382 1545 1440 1605 τῶν
1478 1532 1481 1637 ί

314 1646 489 1732 ἐγκοιλίων
513 1640 595 1735 ὕλην
619 1649 757 1735 (codices
778 1650 868 1714 Arist
854 1650 1005 1733 tophanei
1029 1641 1144 1736 ξυλὴν)
1169 1648 1276 1732 λέγειν
1300 1669 1337 1712 ex
1358 1645 1481 1712 Suida

314 1757 450 1821 correxit
436 1754 664 1822 tDindorfius.

401 1864 570 1929 Praeterea
592 1864 729 1928 minores
753 1865 993 1947 discrepantiae,
1017 1885 1055 1927 ex
1079 1863 1193 1948 quibua
1213 1863 1331 1928 scholia
1347 1865 1440 1926 nostra

312 1971 429 2054 partim
452 1970 639 2056 amplificari
661 1972 792 2054 possint,
814 1973 1016 2055 reperiuntur
1039 1973 1122 2055 apud
1147 1970 1277 2035 Suidam

348 2080 389 2143 ad
408 2101 434 2144 v.
450 2079 514 2143 254
538 2102 561 2144 a
580 2079 621 2163 gl,
644 2073 807 2164 Κυρήβια·

313 2186 436 2270 πίτυρα
485 2187 542 2250 καί
591 2192 662 2250 τῶν
710 2190 844 2269 κριθῶν

314 2283 641 2378 ἄποβρέγματα,3)
669 2281 711 2355 τὰ
739 2284 844 2375 ἄχυρα
871 2304 874 2310 ’

313 2389 427 2485 ἢτῶν
454 2406 583 2483 πυρῶν.
594 2401 619 2484 ²)
655 2389 676 2484 ἢ
701 2392 787 2464 ἔνθα
811 2394 844 2461 αἱ

333 2501 524 2592 κάγχρυες
592 2500 821 2591 φρύγονται.4)

312 2609 503 2699 κάγχρυες
531 2611 567 2678 δέ
590 2611 673 2677 εἰσιν
698 2608 732 2677 αἱ
755 2604 843 2697 ἄλη-

312 2719 496 2804 λεσμέναι
520 2720 646 2804 κριθαί.

337 2811 338 2816 ¹
402 2826 452 2891 Ad
476 2849 502 2892 v.
527 2825 607 2892 257:

385 2916 405 2981 S
430 2916 512 2999 agl.
535 2919 769 3001 Συνωμοτῶν

313 3023 524 3106 ξυνωμοσίαν
595 3022 843 3109 πεποιημένων,

312 3128 480 3208 τουτέστι,
507 3131 634 3207 πίστεις
663 3121 705 3196 δι’
729 3120 843 3214 ὅρκων

188 3237 196 3253 ’
314 3231 479 3301 διδόντων
515 3231 646 3314 ἑαυτοῖς
678 3239 734 3301 καί
767 3253 842 3302 συν-

312 3338 421 3428 θήκας
444 3339 530 3408 κατά
553 3366 676 3409 τινοον
703 3366 842 3429 πεποιη-

312 3444 425 3514 κότοον
459 3447 522 3514 ίπί
552 3457 597 3533 τῇ
630 3445 843 3515 καταλύσει

312 3563 443 3621 τινῶν.

401 3662 452 3728 Ad
476 3685 502 3729 v.
528 3663 607 3729 291:

424 3770 444 3835 S
470 3770 555 3854 agl.
584 3769 730 3855 Τέμνειν·

346 3929 352 3941 .
378 3929 384 3941 .
411 3869 638 3961 ,ὑποτέμνειν
663 3870 761 3944 δὲτὸ
786 3882 842 3943 λο-

313 3979 402 4071 ξοέδη
422 3985 501 4070 (scil.
515 3990 689 4050 ποιεῖσθαι
708 3976 768 4070 τὴν
787 4008 843 4050 το·
924 4034 931 4047 .
953 4033 958 4045 .
980 4033 986 4046 .
1008 4033 1013 4046 .

311 4083 402 4177 μὴν),
423 4089 487 4156 ἵνα
501 4090 625 4175 παχέα
639 4092 841 4178 φαίνηται

423 4234 459 4288 ad
478 4234 593 4287 Theocr.
613 4232 746 4288 Adoniaa
766 4250 810 4302 pg
829 4234 889 4288 388.

424 4297 523 4373 lege'¹
504 4325 520 4373 η
541 4300 576 4358 τὰ
595 4323 686 4374 αχνρα
704 4308 762 4357 τῶν
780 4308 885 4375 πυρῶν.

384 4235 404 4297 ¹)

383 4305 404 4441 3))
383 4375 496 4430 ⁸redit
513 4375 587 4445 apud
605 4375 740 4430 Photium.

382 4448 404 4514 ⁴)
423 4443 580 4516 αλὴθονται
599 4448 624 4502 S.
643 4447 679 4516 gl.
702 4443 756 4511 Τὰς
774 4439 864 4511 ὁδοὺς.

1154 2077 1226 2142 VO:

924 2180 1074 2271 Κυρήβια
1107 2183 1144 2248 δέ
1175 2183 1237 2249 εἰσι
1264 2176 1306 2248 τὰ
1332 2184 1439 2265 πίτυρα

924 2292 981 2356 καὶ
1022 2284 1126 2375 ἄχυρα
1166 2298 1238 2354 τῶν
1279 2297 1393 2376 πυρῶν
1424 2277 1440 2371 ἢ
1479 2298 1481 2309 “

925 2403 1067 2482 κριθῶν.
1119 2393 1204 2462 ἔνθα
1242 2393 1276 2461 αἱ
1313 2392 1441 2480 κάχρυς

926 2501 1118 2590 φρύγονται.
1149 2500 1272 2588 κάχρυς
1305 2503 1341 2568 δέ
1370 2501 1440 2566 εἰσιν

908 2608 959 2677 ἀἱ
1005 2610 1283 2694 λελεπισμέναι
1328 2605 1442 2695 κριθαί,

926 2710 984 2800 ἀφ’
1008 2706 1058 2783 ῶν
1080 2710 1100 2805 ἦ
1124 2712 1276 2802 πτισάνη.

925 3021 1135 3104 ξυνῶμοσίαν
1158 3023 1227 3083 κτλ.

1343 3116 1445 3210 ὅρκον

925 3230 1091 3300 διδόντων
1116 3225 1227 3308 αὐτοῖς
1251 3234 1309 3296 καὶ
1331 3225 1446 3316 συνδή-

923 3364 983 3418 κας
1001 3333 1075 3406 κατ’
1094 3339 1187 3425 ἐμοῦ
1206 3335 1447 3426 πεποιηκότων.

924 3441 1055 3525 Ἄλλους·
1074 3446 1253 3533 προδοτῶν
1264 3453 1326 3510 τοῦ
1341 3442 1448 3532 δήμου,

923 3562 993 3620 τῶν
1032 3549 1272 3639 συνομνύντοον
1311 3551 1375 3618 ἐπὶ
1409 3557 1448 3633 τῇ

923 3660 1159 3746 καθαιρέσει
1182 3668 1252 3725 τοῦ
1277 3655 1407 3747 δήμου.

1157 3768 1227 3832 VO:

1036 3972 1118 4048 ὅταν
1140 3973 1202 4066 γὰρ
1222 3972 1450 4063 ὑποτέμνεται,

923 4084 1147 4175 παχύτερον
1182 4089 1378 4171 φαίνεται,
1416 4078 1450 4151 οἷ-
