2978 5114
177 368 220 432 ον
614 406 656 414 -
704 369 801 451 [196]
848 407 890 415 -

178 563 232 645 qui
258 586 368 629 uersus
391 565 436 626 sio
458 585 478 626 a
501 563 541 625 ll⁰
564 563 747 626 traduntur:

729 661 798 732 οἶδ’
823 659 888 751 ἐγώ
911 669 968 731 καὶ
992 659 1030 753 δὴ
1053 665 1168 754 πόρον

311 774 347 840 ἐκ
370 784 433 840 τοῦ
457 770 693 859 Παλαμήδους·
718 766 765 850 ὡς
789 771 918 851 ἐκεῖνος
940 765 999 851 τὰς
1021 770 1153 851 πλάτας

310 877 399 965 ῥίψω
422 877 573 965 γράφων.
599 872 671 944 ἀλλ’
695 872 736 944 ori
758 876 914 964 πάρεισιν
938 878 972 944 αἱ
994 877 1128 945 πλάται.

309 983 422 1052 πόθεν
447 975 509 1052 οὖν
532 979 658 1070 γένοιτ)
683 980 725 1051 άν
747 1010 804 1070 μοι
827 982 965 1062 πλάταις
988 982 1101 1051 πόθεν
1127 991 1165 1070 [υ
1179 991 1236 1070 -]

309 1094 341 1156 τί
365 1085 398 1158 δ’
423 1086 475 1172 clv,
499 1092 528 1156 εἰ
551 1094 628 1157 ταδὶ
651 1085 831 1176 τάγάλματ’
856 1085 933 1157 άντὶ
955 1100 1026 1156 τῶν
1049 1097 1194 1157 πλατῶν

306 1195 449 1284 γράφοον
475 1201 715 1285 διαρρίπτοιμι;
738 1198 872 1279 βέλτιον
895 1195 992 1263 πολύ.

308 1302 409 1386 ξύλον
432 1305 469 1390 γε’
492 1329 545 1370 τοι
569 1307 755 1370 καὶταῦτα
779 1297 910 1370 xu’xstv’
933 1294 975 1392 ἦν
999 1302 1111 1385 ξύλον.

111 1452 114 1458 -
174 1411 237 1476 Vbi
268 1412 367 1476 uerba
401 1414 457 1476 illa
493 1404 564 1476 aar
593 1404 634 1477 οὖ
669 1408 824 1495 πάρεισιν
858 1410 891 1476 αἱ
922 1408 1046 1477 πλάται
1080 1413 1168 1477 haud
1196 1434 1323 1496 paruam

173 1519 252 1582 uiris
289 1520 389 1583 doctis
425 1518 578 1584 offensam
614 1519 842 1601 praebuerunt:
885 1520 1061 1583 Bruuokius
1099 1515 1236 1604 arriperet
1270 1541 1322 1602 μοι

174 1626 320 1699 coniecit,
343 1646 401 1688 ueo
423 1647 486 1690 uou
511 1624 704 1689 Fritzsehius
726 1630 854 1690 aeretra
877 1621 1093 1709 ιιιπάρεισιν
1117 1626 1321 1707 prammutieo

174 1731 275 1795 olisai
306 1731 465 1809 debeatur,
495 1731 727 1811 Aristophanes
760 1736 864 1795 autera
896 1733 1059 1812 scripserit
1091 1724 1165 1795 ἄλλ’
1195 1726 1237 1797 ori
1263 1726 1320 1814 γάρ

174 1837 258 1901 εἰσιν
287 1834 320 1900 αἱ
347 1832 480 1902 πλάται.
537 1839 641 1915 Quare
674 1860 744 1901 cum
772 1840 868 1901 etiam
895 1840 927 1902 iu
955 1839 996 1902 R⁰
1024 1859 1136 1902 uersus
1166 1838 1320 1921 sequentis

148 1944 268 2027 ’(772)
306 1945 437 2008 ultimus
468 1966 524 2026 pes
557 1946 756 2008 desideretur
766 1946 805 2029 1),
837 1946 942 2009 nescio
974 1966 1015 2008 an
1047 1944 1151 2007 uerba
1183 1936 1256 2008 tlt
1284 1934 1320 2007 οὐ

172 2047 328 2135 πάρεισιν
356 2047 389 2113 οἱ
417 2046 543 2121 πλάται
571 2051 611 2131 (r.
637 2051 716 2134 771)
746 2057 778 2114 et
805 2046 919 2115 πόθεν
948 2052 1097 2134 (exeunte
1125 2071 1222 2113 uersu
1247 2048 1318 2127 772)

173 2146 364 2238 interpolata
383 2157 454 2220 sint.
501 2156 584 2232 Quid
603 2157 686 2219 enim
705 2157 784 2221 haee
802 2156 901 2220 uerba
918 2157 1067 2219 utilitatis
1086 2162 1144 2219 aut
1162 2155 1319 2240 augmenti

173 2263 222 2326 his
241 2262 386 2325 uersibus
405 2261 562 2326 afferunt?
586 2262 686 2327 Immo
705 2262 746 2325 ab
766 2263 995 2344 interpolatore
1015 2283 1053 2325 ex
1071 2262 1111 2324 iis
1126 2262 1205 2344 ipsis
1219 2261 1319 2325 uerbis

173 2389 253 2451 quae
272 2370 396 2451 integra
416 2368 537 2432 tradita
557 2375 647 2432 eraut
664 2367 795 2431 formari
814 2373 910 2450 atque
928 2366 1041 2450 refingi
1060 2373 1225 2449 poteraut3
1249 2365 1319 2450 quid

173 2476 255 2539 euim
278 2475 366 2538 aliud
389 2476 450 2539 sibi
475 2475 543 2537 uult
567 2467 638 2538 lrt'
658 2467 699 2538 οὐ
722 2469 877 2559 πάρεισιν
897 2471 930 2538 αἱ
953 2469 1192 2555 alicuiquam
1211 2469 1318 2539 πάθεν

172 2569 235 2646 οὖν
255 2573 399 2665 γένοιντ’
418 2575 460 2645 tv
483 2604 540 2664 poi
562 2576 687 2645 πλάται
694 2582 734 2658 ;?
761 2580 804 2644 Et
822 2577 936 2644 πόθεν
955 2581 1160 2644 illud-uersui
1181 2581 1246 2644 772
1265 2579 1316 2643 ad·
1387 2584 1389 2592 ’

171 2689 362 2769 glutinatum
390 2687 506 2770 frigide
534 2689 704 2769 repetitum
733 2692 789 2751 est.
840 2686 947 2751 Verba
974 2686 1007 2749 τί
1036 2678 1068 2750 ‹l'
1097 2678 1151 2764 άν,
1180 2685 1209 2750 εἰ
1236 2706 1317 2761 uere,

171 2815 252 2875 quae
283 2793 506 2858 desiderantur
538 2794 623 2876 apud
656 2792 799 2869 Suidam,
831 2795 968 2875 genuine
1001 2813 1068 2856 esse
1096 2792 1316 2875 Aristophanis

170 2899 269 2963 uerba
292 2901 555 2976 existimabimus,
586 2922 656 2963 oum
682 2899 799 2964 similia
822 2899 967 2980 legantur
989 2898 1070 2963 Nub.
1098 2899 1162 2962 154
1190 2900 1224 2963 τί
1247 2889 1316 2983 δῆτ’

171 2999 224 3084 ilo,
253 3003 369 3090 ἕτερον
393 3005 421 3069 εἰ
444 3003 572 3071 πύθοιο
580 3027 591 3084 ;
620 3005 700 3069 Nub.
727 3006 813 3071 1445
836 3007 869 3069 τί
893 2997 936 3083 δ’,
963 2997 1004 3090 ἢν
1029 3001 1115 3088 ’έχων
1139 2996 1202 3071 τὸν
1230 2997 1315 3090 ἧττα

170 3107 273 3195 λόγον
298 3128 332 3176 σε
357 3109 502 3197 νικήσοο;
525 3111 596 3194 Lys.
616 3112 680 3175 366
704 3113 737 3174 τί
762 3104 805 3190 δ’,
828 3103 870 3197 ἢν
895 3113 1012 3176 σποδῶ
1033 3124 1104 3186 τοῖς
1124 3106 1314 3184 riorutiiorc,¹

170 3217 318 3301 Suspicor
351 3220 450 3300 igitur
482 3220 515 3280 iu
542 3239 642 3281 uuum
670 3218 904 3282 contrahendos
932 3239 999 3282 esse
1025 3239 1071 3280 vv.
1102 3218 1175 3280 771.
1196 3216 1260 3280 772
1285 3218 1314 3276 et

170 3324 386 3389 scribendum:

259 3426 349 3514 ῥίψω
372 3427 524 3515 γράψων.
556 3425 670 3495 πόθεν
694 3417 756 3494 οὖν
779 3421 924 3512 γένοιντ’
947 3421 990 3492 to
1012 3425 1226 3511 porriitur.

170 3533 280 3600 Altera
311 3560 358 3600 vr.
379 3537 508 3601 77071
543 3536 646 3602 forma
678 3543 710 3600 et
737 3557 776 3601 ea
803 3536 1040 3619 corruptissima
1067 3556 1087 3599 a
1114 3534 1214 3600 Suida
1236 3557 1258 3599 s.
1276 3533 1311 3616 gl.

169 3638 286 3728 Πλάτη
310 3649 438 3707 seruata
461 3650 523 3707 ost:

331 3750 335 3756 ’
454 3739 569 3833 ὥσπερ
594 3746 796 3834 Παλαμήδης
818 3740 877 3824 τάς
899 3743 1029 3825 πλάτας

454 3853 544 3941 ῥίψαι
568 3852 709 3940 γράφων
733 3857 914 3937 Nesoulion

169 4071 355 4079 ——.—-....-
362 4071 382 4077 .-

243 4228 261 4293 ¹)
280 4222 384 4281 πλάται
404 4225 545 4296 suppleuit
559 4226 693 4295 Engerus‚
713 4221 833 4296 ytrowr'
854 4218 888 4279 άν
907 4220 1000 4298 ἀθλίῳ
1019 4225 1138 4280 coniecit
1152 4223 1308 4286 Brunekius,

168 4311 289 4384 γένοιντ’
309 4309 344 4369 oli
365 4333 414 4382 μοι
433 4310 541 4377 πλάτας
564 4317 679 4386 tostam
703 4309 814 4378 aitsa-
838 4313 1003 4370 Dindorfius.
1042 4315 1170 4369 Ceterum
1194 4304 1308 4384 γένοιντ’

169 4419 203 4456 ex
222 4404 322 4456 Suidae
342 4419 474 4472 peruersa
493 4403 630 4471 scriptura
650 4398 789 4474 γ’ἔκειντο
809 4405 965 4458 restitutum
987 4410 1029 4458 est
1047 4420 1097 4472 pro
1116 4399 1219 4473 γένοιτ’
1238 4403 1272 4456 R.
