2978 5114
265 385 306 450 18
696 417 738 427 —-
784 379 880 462 [162]
928 416 969 425 -

1470 542 1482 579 ‘l

264 580 422 648 codicibus
450 580 611 644 Ρ-ΑΓΘΛ
642 577 780 642 admissa
789 576 815 662 ¹)
843 582 875 641 et
905 577 987 641 uitia
1012 579 1159 641 uniuerso
1190 576 1264 640 huic
1297 576 1407 660 generi
1428 562 1483 693 233

271 687 476 754 ἰῙ-Ρ-ΑΓΘΛ
495 685 704 769 communia²)
724 683 873 749 aSuidae
891 684 998 750 codice
1012 685 1138 775 oanro
1152 682 1270 749 afuisse
1284 705 1406 748 moneo.

352 795 439 859 Duos
467 799 590 858 tantum
614 793 698 857 locos
721 792 772 856 bis
795 813 953 874 opponere
976 793 1064 857 licet:
1094 791 1241 875 Legimus
1265 792 1349 855 enim
1373 791 1406 854 in

264 926 290 968 v.
315 902 380 966 924
407 901 492 983 apud
517 899 646 965 Suidam
674 894 854 982 ἰπούμενος
880 911 952 975 ταῖς
980 910 1178 985 συμφοραῖς,
1205 899 1256 963 cui
1284 897 1405 962 similli-

265 1031 350 1073 mum
372 1009 405 1071 in
428 1008 459 1072 A
481 1007 598 1089 legitur
626 1001 855 1092 ἰπιούμενοςῧ)
879 1017 951 1083 ταῖς
980 1019 1179 1091 συμφοραῖς,
1207 1026 1279 1069 cum
1308 1004 1405 1069 ceteri

265 1117 387 1181 codices
411 1103 632 1196 Aristophanis
659 1108 838 1196 ἰπούμενος
866 1123 937 1190 ταῖς
965 1111 1135 1198 εἰσφοραῖς
1158 1112 1343 1188 exhibeant;
1371 1115 1405 1174 at

264 1222 363 1288 uerba
384 1217 564 1304 ἰπούμενος
586 1232 658 1297 ταῖς
676 1233 861 1303 συμφοραῖς
883 1226 1064 1303 comparent
1087 1221 1182 1284 etiam
1199 1219 1284 1303 apud
1303 1219 1403 1301 Etym.

264 1330 328 1413 Mg.
350 1329 429 1404 473,
457 1329 513 1392 31:
542 1328 599 1391 καὶ
628 1319 873 1414 Ἀριστοφάνης·
906 1323 1087 1411 ἰπούμενος
1118 1339 1190 1402 ταῖς
1218 1337 1405 1411 συμφοραῖς

265 1443 298 1502 ct
324 1437 408 1519 apud
432 1436 586 1500 Zonaram
608 1456 630 1498 s.
653 1456 680 1498 r.
703 1426 892 1517 Ἰπούμενος
922 1434 965 1518 (I,
996 1435 1108 1520 1118);
1137 1434 1221 1517 apud
1244 1433 1401 1498 Pollucem

265 1543 400 1625 deniquo
424 1541 509 1626 (VII,
531 1541 589 1627 41)
612 1541 690 1606 hacc
711 1541 873 1624 leguntur:

593 1643 710 1725 δράσεις
734 1646 806 1731 ἐμοὶ
828 1639 934 1734 καλὴν
959 1649 1064 1735 δίκην,

593 1751 773 1838 ἰπούμενος
795 1766 867 1832 ταῖς
891 1766 1082 1839 συμφοραῖς.

271 1853 505 1947 Ἀριστοφάνης
530 1856 599 1926 πού
622 1877 717 1947 φησι,
744 1862 801 1925 καὶ
823 1864 990 1944 Κρατῖνος
1012 1860 1154 1945 ἰπούμεν
1179 1859 1216 1924 ἐν
1239 1863 1403 1940 Κῖεοβου-
1440 1928 1444 1936 ,

265 1969 385 2052 roff).
430 1969 543 2050 Itaque
564 1969 617 2032 hio
639 1990 702 2033 non
725 1975 792 2033 tam
814 1990 998 2034 consensum
1021 1968 1137 2034 Suidae
1160 1990 1231 2033 cum
1249 1965 1405 2031 codiceA

266 2097 481 2157 agnoscemus,
508 2076 563 2140 sed
590 2076 753 2159 uulgatam
780 2076 937 2160 quandam
965 2077 1154 2160 scripturam
1181 2081 1214 2140 et
1241 2073 1406 2140 oriundam

266 2205 304 2247 ex
328 2182 447 2247 Cratini
475 2203 582 2258 uersu,
610 2203 704 2264 quem
730 2182 790 2246 hoc
816 2184 885 2247 loco
912 2183 1066 2266 expilasse
1089 2183 1333 2266 Aristophanem
1355 2182 1407 2246 uel

267 2290 424 2353 imitatum
452 2310 519 2353 esse
546 2311 609 2354 oon
642 2295 761 2354 temere
792 2295 973 2354 statuerunt
1001 2290 1204 2356 Casaubonus
1231 2289 1406 2354 Brunclrius

267 2396 449 2482 Meierus5).
495 2395 636 2478 Vtroque
664 2402 769 2461 autem
796 2396 878 2474 loco,
906 2402 938 2460 et
965 2397 998 2461 in
1023 2397 1053 2460 A
1076 2403 1108 2462 et
1131 2399 1163 2462 in
1188 2419 1225 2462 eo
1252 2419 1314 2480 quo
1337 2403 1406 2462 ute-

266 2502 362 2567 batur
385 2502 497 2567 Suidas
520 2502 641 2580 codice,
670 2516 853 2589 συμφοραῖς
878 2503 1033 2585 glossema
1055 2505 1190 2588 margini
1213 2505 1406 2588 adscriptum

267 2611 300 2673 in
324 2610 434 2674 comici
457 2615 636 2674 contextum
659 2611 822 2694 irrepsisse
844 2611 972 2676 uidetur
981 2612 1016 2696 ⁶).

356 2717 465 2781 Altero
492 2717 574 2791 loce,
606 2739 632 2780 v.
656 2717 734 2793 983,
767 2719 850 2801 quod
878 2719 961 2800 apud
990 2716 1120 2782 Suidam
1148 2714 1208 2783 δύο
1237 2719 1316 2784 falso
1343 2741 1407 2783 una

268 2845 337 2888 cum
360 2823 519 2888 codicibus
537 2823 657 2887 ΑΓΘΛ
679 2824 795 2907 legitur
817 2845 875 2906 pro
899 2821 979 2904 δύα),
1002 2825 1076 2890 huic
1097 2827 1210 2890 mendo
1233 2828 1349 2909 quippe
1369 2847 1407 2890 ex
1443 2869 1450 2877 ·

268 2932 379 2994 eadem
396 2930 602 2998 librariorum
624 2930 745 2994 incuria
763 2930 904 3014 profecto
922 2933 977 2995 uix
992 2934 1162 3017 'quicquam
1180 2935 1328 2997 moment'
1349 2933 1406 2998 tri-

268 3037 428 3101 buendum
450 3037 585 3102 uidetur.

802 3155 874 3235 56.

357 3277 564 3343 Transeamus
583 3278 624 3342 ad
644 3278 782 3343 codicem
800 3277 1107 3365 R(auennatem)‚
1130 3280 1184 3362 qui
1206 3280 1338 3344 alterius
1356 3301 1405 3344 co·

270 3386 374 3450 dicum
396 3385 698 3468 Aristophaneorum
720 3386 844 3469 generis
867 3387 1043 3469 exemplum
1066 3393 1113 3452 est
1135 3389 1269 3452 unicum.

342 3556 361 3621 11
372 3555 432 3609 ’536
449 3545 551 3622 ἤνθησ
571 3548 679 3617 ἐκεῖνος
693 3554 794 3607 Aron
812 3546 921 3623 ἤνθησε
936 3561 1029 3618 κεῖνος
1043 3554 1070 3607 Ρ
1085 3547 1212 3624 ἤνθησεν
1227 3552 1336 3620 ἐκεῖνος
1354 3557 1372 3611 S
1385 3557 1394 3624 11

270 3645 322 3698 638
344 3646 446 3712 μικρᾶς
470 3642 610 3696 Arsa-P
635 3646 755 3713 σμικρᾶς
774 3643 881 3711 811884
904 3638 1033 3698 οὐδέποτ’
1057 3645 1198 3698 ΔΝΜ-Ρ
1218 3640 1361 3700 οὐπώποτ’
1380 3645 1404 3699 S.

341 3732 361 3799 ²)
385 3733 419 3786 61
444 3724 498 3784 εἷθ’
523 3727 538 3784 ὁ
562 3729 655 3802 γέρων
683 3732 856 3786 ἰῘ-Ρ-ΑΓΘΛ
878 3725 893 3786 ὃ
917 3731 947 3785 δὲ
971 3730 1065 3803 μύρων
1089 3734 1133 3804 811
1152 3736 1203 3789 517
1227 3729 1333 3804 ύλίγοις
1355 3728 1404 3803 ἤδη

267 3821 443 3891 χαρίσασθαι
468 3820 644 3874 V-P-Aroa
666 3813 717 3890 ἤδη
741 3821 816 3875 omis.
840 3822 946 3889 811856
965 3817 1207 3892 καθαρπάσαντες
1232 3822 1407 3878 ἰῘ-Ρ-ΑΓΘΔ

270 3903 505 3972 κατασπάσαντες
523 3909 647 3978 8111256
665 3907 793 3980 γένωμαί
811 3925 856 3963 σοι
880 3910 1057 3964 ΙῙ-Ρ-ΑΓΘΛ
1076 3904 1177 3979 ἔσομαι
1197 3928 1242 3966 σοι
1261 3913 1286 3967 S.

251 4042 253 4050 s
341 3998 361 4066 ³)
381 3997 415 4052 cf.
435 4013 517 4066 supra
536 4015 580 4066 pg.
601 4001 634 4053 16
653 4000 744 4054 adnot.
763 4001 788 4052 2.

341 4088 362 4154 ⁴)
380 4087 420 4141 sic
439 4089 465 4141 h.
485 4087 502 4140 1.
522 4087 644 4143 restituit
667 4089 816 4143 secundum
835 4089 956 4144 codicem
976 4090 1054 4144 Falk.
1075 4090 1232 4145 Meinekius
1251 4091 1280 4144 in
1298 4093 1404 4160 Fragm.

271 4177 334 4231 Com
363 4175 459 4230 Graec.
478 4177 513 4230 Il.
533 4177 575 4230 71.

340 4264 361 4331 ⁶)
381 4265 435 4319 ind.
455 4264 518 4320 lect.
538 4271 605 4319 aest.
625 4266 688 4320 Hal.
709 4268 778 4322 1832
797 4284 841 4336 pg.
860 4269 885 4322 4.

341 4354 362 4420 θ1
381 4353 408 4407 in
428 4354 506 4408 codic
527 4356 559 4418 Γ,
580 4354 626 4422 qui
645 4355 754 4424 saepius
773 4355 885 4412 aliunde
904 4363 1042 4412 correctus
1061 4364 1103 4412 est
1121 4357 1165 4427 (cf.
1181 4375 1224 4426 pg.
1240 4359 1292 4424 21),
1312 4354 1405 4425 εἰσφο-

272 4449 332 4512 ραῖς
351 4458 433 4510 super
452 4440 491 4506 εἰς
510 4443 604 4497 addito
624 4462 686 4506 συμ.
