2978 5114
601 430 641 438 -
689 393 785 475 [195]
834 432 874 439 -
1271 394 1312 456 οι

263 580 309 663 ὡς
333 577 459 651 ἅπαντ’
483 584 572 650 ἐστὶν
595 584 681 649 πλέα
704 581 827 670 τόλμης
850 581 929 671 ἔργα
952 578 1217 670 κάναισχυντίας,

167 694 269 758 inuito
302 698 418 769 metro,
456 694 603 776 quoniam
636 693 793 774 spondeus
826 693 859 754 in
891 694 971 775 pede
1003 694 1099 757 tertio
1135 695 1315 757 tetrametri

168 799 322 864 trochaici
346 798 521 865 catalectici
550 780 664 884 (πλέα)
687 798 765 862 ferri
788 821 851 864 uon
872 804 994 881 potest3
1018 799 1189 864 Porsonus:

408 896 454 981 ὡς
476 904 562 969 πλέα
586 897 653 970 'orl’
677 896 810 968 άπαντα
833 899 958 990 τόλμης
981 900 1004 968 ἔ.
1029 929 1059 969 κ.

167 1013 324 1093 Reisigius
335 1013 360 1097 ¹)
384 1011 521 1094 denique
539 1013 639 1076 eiecta
658 1033 735 1077 uoco
754 1007 832 1095 ἔργα
850 1011 996 1093 (proptor
1014 1013 1182 1095 insequens
1201 1007 1314 1096 i'pyov)

168 1119 200 1181 iu
224 1141 251 1181 v.
276 1119 340 1181 703
364 1119 421 1182 hos
444 1118 642 1183 dochmiaoos
665 1139 812 1182 numeros
835 1119 1003 1182 adsecutus
1027 1125 1088 1183 est:

257 1217 303 1300 ὡς
327 1217 379 1308 ἄρ’
402 1215 536 1289 άπαντα
559 1217 588 1307 γ’
612 1223 682 1289 ἐστὶ
705 1220 828 1309 τόλμης
850 1223 936 1288 πλέα
959 1216 1224 1307 κάναισχυντίας.

168 1330 211 1393 rit
238 1331 265 1394 si
293 1332 543 1396 consideraueris
565 1351 585 1394 a
608 1331 779 1395 scholiasta
802 1331 849 1393 Ru
867 1331 909 1395 ad
931 1330 962 1394 h.
986 1332 1005 1393 l.
1028 1332 1190 1415 παροιμία
1217 1333 1315 1396 aduo-

167 1441 271 1500 tatum
299 1458 380 1513 esse,
407 1438 595 1502 adsentieris
618 1435 784 1502 Dindorfio
807 1436 982 1501 Fritzschio
1005 1436 1143 1519 Erigere,
1170 1439 1225 1518 qui
1248 1459 1314 1501 ser-

167 1565 258 1607 uasse
292 1544 352 1609 hoc
383 1544 451 1609 loco
480 1543 611 1608 suidam
643 1544 722 1607 illud
753 1543 958 1626 prouerbium
987 1543 1199 1619 arbitrantur,
1231 1544 1315 1624 quod

168 1657 200 1713 et
227 1651 332 1732 ipsum
363 1652 397 1715 in
425 1673 462 1716 eo
489 1650 608 1716 scholio
631 1672 708 1714 uoce
731 1650 893 1734 παροιμία
922 1649 1095 1714 indicatum
1123 1651 1165 1714 sit
1193 1656 1226 1714 et
1252 1670 1316 1731 quo

168 1756 288 1820 scholia
310 1759 419 1839 augeri
447 1759 583 1839 possint,
611 1778 668 1821 uec
696 1756 841 1820 laudabis
865 1757 1141 1841 Bernhardyum2)
1166 1757 1221 1838 qui
1249 1755 1315 1820 col-

168 1862 234 1926 lato
258 1862 316 1944 Eq.
339 1886 366 1928 v.
391 1863 457 1928 304

394 1977 456 2033 τοῦ
480 1977 542 2033 σοῦ
565 1964 717 2053 θράσους
740 1976 832 2033 πᾶσα
854 1968 917 2051 μὲν
938 1977 978 2055 γῆ
1003 1968 1088 2034 πλέα

168 2097 206 2138 ex
230 2073 329 2139 Suida
351 2078 461 2157 reponi
486 2077 590 2139 iussitz

270 2174 317 2258 ὡς
340 2172 462 2245 ἅπαντ’
486 2174 538 2265 ἄρ’
562 2180 631 2246 ἐστι
654 2181 777 2267 τόλμης
799 2163 885 2246 πλέα
908 2204 945 2246 τε
968 2174 1233 2265 κάναισχυντίας.

170 2287 267 2351 lmmo
294 2291 400 2352 nescio
427 2309 469 2351 an
492 2289 697 2370 prouerbium
718 2289 797 2352 illud
820 2291 999 2353 trimetrum
1021 2288 1192 2353 iambicum
1210 2294 1315 2352 acata-

169 2392 283 2457 leotum
302 2393 442 2460 effecerit
460 2393 723 2478 scribendumque
742 2395 784 2459 sit
802 2396 886 2478 apud
906 2394 1050 2459 Suidam:
1075 2386 1219 2459 Ἅπαντα
1237 2390 1315 2458 τόλ-

170 2522 229 2584 μης
251 2482 338 2565 πλέα
362 2499 424 2588 [τε]
449 2491 717 2583 κάνυισχυντὶας’
749 2499 898 2565 ἐπὶτῶν
922 2499 1052 2583 ίταμολν
1075 2503 1131 2564 καὶ
1155 2491 1314 2563 ἀναιδῶν.

172 2604 366 2693 [παροιμίαλ
392 2646 432 2655 -

257 2713 313 2776 Vv.
338 2713 515 2777 tce-775
538 2714 583 2777 sic
605 2734 625 2776 a
648 2712 784 2797 Suidass)
808 2714 1011 2778 exhibentur:

542 2811 1194 2917 mfffflmffmfflffl·

303 2923 339 2987 ἐκ
362 2933 425 2990 τοῦ
448 2922 683 3012 Παλαμήδους·
707 2919 753 3002 ὡς
777 2924 905 3002 ἐκεῖνος
928 2919 987 3002 τὰς
1010 2922 1139 3000 πλάτας

303 3028 392 3116 λίνω
415 3027 557 3116 rodoma
581 3035 906 3115 [ow-rw]

173 3135 237 3218 (hic
259 3136 413 3202 scholium
436 3138 656 3204 intercalatum
679 3144 742 3222 est)

302 3239 415 3309 πόθεν
439 3232 501 3309 οὖν
523 3237 553 3328 y’
577 3240 707 3309 ἔκειντό
730 3267 787 3327 μοι
810 3241 936 3309 πλάται
960 3247 1131 3326 [rw]

303 3353 341 3432 [c
352 3354 401 3433 -]
426 3352 502 3415 ταδὶ
524 3343 718 3434 τάγάλματα
742 3343 818 3415 ἀντὶ
842 3354 906 3434 [-]
930 3356 1070 3414 πλατῶν

302 3452 443 3540 γράφων
467 3458 702 3542 διαρρίπτοιμι.
749 3456 893 3521 Βέλτιον
915 3452 1013 3521 πολύ.

302 3559 413 3632 Ξύλον
436 3562 474 3646 γέ
495 3586 549 3629 τοι
557 3565 585 3649 ⁶)
609 3564 794 3627 καὶταῦτα
817 3576 955 3627 κακεῖνο
978 3551 1058 3647 rivi)
1082 3557 1193 3641 ξύλον,

242 3722 261 3777 ¹l
281 3721 414 3775 Coniectt.
434 3737 479 3789 pg.
499 3721 560 3775 274.

240 3807 261 3874 ¹)
280 3808 309 3862 in
327 3809 420 3864 adnot.
440 3809 475 3863 ad
495 3811 568 3863 hunc
588 3810 689 3865 Suidae
707 3811 805 3864 locum.

241 3897 312 3964 ’tln
331 3899 433 3952 Suidae
453 3898 548 3951 codice
567 3901 592 3952 A
616 3900 685 3953 haec
710 3898 801 3967 glossa
824 3898 887 3952 ideo
908 3896 1083 3952 intercidisse
1102 3897 1225 3961 uidetur,
1250 3897 1315 3964 quia

172 3983 299 4040 librarius
317 4003 352 4041 ex
372 3987 460 4041 tribus
480 3987 577 4054 glossis
593 4003 609 4041 a
628 3988 759 4042 lemmate
781 3982 953 4055 Παλαμήδης
972 3985 1170 4055 incipientibus
1189 3986 1314 4039 ultimam

173 4073 269 4128 omisit.

239 4164 260 4229 ⁴)
279 4158 404 4235 πότερον
423 4180 457 4218 ex
477 4163 571 4218 codice
591 4164 740 4219 Oxouieusi
760 4165 956 4233 Bernhardyus
975 4162 1088 4231 profert.

240 4252 262 4319 ὓ)
280 4250 314 4322 γέ
333 4271 358 4306 τι
378 4252 485 4306 ABVE.

240 4342 261 4408 ⁸)
279 4336 416 4395 κακάνειν
429 4341 462 4406 Ε,
482 4341 553 4395 uude
572 4342 705 4409 sequitur,
724 4348 754 4395 ut
773 4341 857 4395 etiam
877 4340 991 4394 aSuida
1011 4334 1119 4393 κάκεῖν’
1134 4329 1167 4407 ἦν
1182 4336 1315 4405 scriptum

173 4427 261 4481 fuerit.

1118 4517 1156 4570 4*
