2978 5114
260 362 303 425 64
695 399 737 407 -
785 361 880 443 [soe]
928 399 966 410 ψ

261 555 307 634 δὲ,
335 557 418 639 quod
445 556 529 638 apud
558 554 688 619 Suidam
714 555 819 637 ipsum
847 556 1046 618 decurtatum
1073 556 1191 637 legitur
1217 548 1408 640 χα1“α,άντ1

260 653 385 748 άγαθή;
408 667 475 725 tum
495 660 611 725 Suidas
634 682 692 725 sua
714 667 825 745 sponte
845 662 971 725 addidit
991 660 1091 740 ἐστὶν,
1108 667 1145 725 ut
1164 650 1322 745 integram
1341 662 1407 726 effi-

262 775 348 832 ceret
371 769 571 832 seutentiam.
758 837 761 840 ,

330 875 385 936 ‘ln
407 895 434 936 v,
465 874 526 938 109
552 864 807 937 ὀκταδάκτυλοι)
836 873 969 937 formam
993 895 1062 936 oum
1091 872 1191 938 Suida
1219 875 1407 939 Plauorinus

259 986 381 1056 tuetur,
417 979 580 1044 Bentloius
612 979 815 1062 Aristophani
850 980 1028 1043 uindicauit
1059 979 1272 1062 probauitque
1308 981 1408 1044 Brun-

259 1085 360 1159 chius3
388 1086 555 1150 Elmsleius
579 1107 654 1149 uero
683 1087 723 1148 ad
747 1085 909 1167 Euripidis
934 1085 1076 1149 Medeam
1102 1086 1219 1171 (1150)
1250 1109 1321 1169 pag.
1345 1087 1407 1151 256

260 1196 292 1255 et
315 1192 491 1256 Lobcchius
515 1192 554 1256 ad
574 1191 789 1275 Phrynichum
812 1212 882 1273 pag.
901 1190 967 1255 415
988 1184 1253 1257 ὀκτωδάκτυλον
1277 1193 1407 1256 formam

259 1299 497 1380 praeferendam
521 1320 589 1362 esse
612 1298 681 1361 iure
704 1304 902 1362 monuerunt.
945 1298 981 1360 ln
1005 1320 1031 1362 v.
1055 1299 1116 1362 113
1141 1298 1259 1362 Suidae
1282 1291 1367 1382 xpsl'
1388 1298 1406 1381 r}

259 1405 299 1469 ud
320 1426 426 1469 ueram
446 1406 633 1486 scripturam
651 1405 753 1489 χρείη,
777 1427 870 1487 quam
889 1404 1030 1468 restituit
1049 1405 1257 1490 Dauesius¹)‚
1281 1407 1406 1488 propius

259 1511 382 1574 accedit
405 1531 499 1592 quam
520 1503 582 1596 χρὴ
606 1502 626 1595 ἢ
650 1511 712 1573 Ru.

348 1617 385 1679 In
409 1638 435 1679 v,
455 1617 518 1679 229
539 1609 670 1679 άντινολ
690 1617 805 1680 codicis
826 1618 853 1679 A
872 1615 998 1693 Suidae,
1017 1617 1101 1700 quod
1120 1617 1202 1680 idern
1223 1617 1293 1681 sinc
1312 1617 1405 1681 dubio

258 1722 338 1786 latet
365 1725 396 1785 in
421 1715 530 1785 άτενῶ
554 1723 695 1786 codicum
718 1722 816 1798 VBE,
839 1724 894 1785 uix
917 1722 1159 1805 praeferendum
1187 1729 1236 1787 est
1260 1723 1310 1786 Ris
1331 1716 1404 1788 άνα-

259 1836 355 1892 τενῶ.
402 1829 565 1893 Eiusmodi
590 1829 673 1892 onim
696 1828 815 1892 formae
839 1834 1028 1912 syncopatae
1052 1851 1115 1892 non
1135 1837 1305 1896 occurrunt
1324 1832 1403 1913 apud

261 1935 503 2018 Aristophanem
527 1935 588 1999 nisi
613 1935 746 1998 Acharn.
773 1936 835 1997 tou
861 1928 1028 2013 άντιινον,
1058 1936 1121 1999 796
1146 1928 1403 2021 άμπεπαρμένον

260 2048 292 2104 et
315 2040 445 2122 Lysistr.
472 2041 533 2104 106
554 2033 776 2124 άμπτάμενος,
800 2041 855 2104 ubi
880 2041 1015 2104 comicus
1039 2042 1173 2106 diatecto
1194 2044 1312 2109 Dorica
1334 2067 1403 2108 usus

260 2153 316 2222 est,
335 2147 412 2210 Rau.
435 2148 533 2210 1477:
557 2147 606 2222 τίς
626 2141 727 2225 οἶδεν,
748 2139 834 2210 εἰτὸ
854 2152 913 2232 ζῆν
931 2145 992 2230 μέν
1012 2145 1082 2211 ἐστι
1100 2155 1297 2228 κατθανεῖν,
1316 2173 1401 2232 quem

260 2274 386 2316 uersum
409 2254 560 2334 parodiae
584 2273 680 2315 causa
698 2254 832 2317 comicus
852 2275 891 2316 ex
909 2253 1072 2335 Euripidis
1090 2254 1222 2336 Polyido
1246 2261 1402 2320 mutuatus

259 2366 316 2435 est,
339 2360 409 2423 Pac.
433 2382 460 2423 v.
488 2360 570 2423 1299
595 2355 776 2436 κάλλιπον,
799 2361 853 2441 qui
877 2364 925 2423 est
948 2381 1058 2424 uersus
1082 2359 1263 2425 Archilochi
1288 2361 1402 2447 (Bergk

260 2466 349 2549 frgm.
375 2467 423 2552 6);
451 2466 551 2547 [apud
575 2465 809 2541 Pherecratem,
839 2465 900 2529 fab.
924 2465 1033 2529 incert.
1057 2466 1168 2549 frsgm'.
1192 2467 1285 2532 XXII
1309 2469 1401 2552 (apud

261 2572 452 2637 Meinckiurn
485 2572 531 2647 11,
560 2572 652 2651 347),
688 2573 805 2653 legitur
837 2565 979 2655 άγχασκε
1000 2598 1007 2636 :
1027 2565 1104 2636 άντὶ
1135 2579 1197 2636 τοῦ
1230 2565 1401 2656 άνάχασκε.

260 2670 352 2744 οὗτοι
375 2673 584 2764 Φερεκράτης
593 2679 619 2762 ²)
643 2684 676 2740 et
698 2678 730 2741 in
751 2679 911 2760 Amipsiac
930 2677 1071 2743 Moechis
1094 2681 1193 2763 (apud
1214 2679 1401 2744 Moinekium

260 2786 301 2860 ΙΙ,
326 2786 404 2870 106)
428 2774 631 2866 καββαλάιν.]

347 2892 504 2955 Versuum
536 2891 601 2954 264
634 2889 698 2954 265
737 2889 850 2954 Suidas
883 2914 905 2955 s.
934 2892 974 2972 gl.
1008 2893 1168 2955 Πακτοῦν
1202 2913 1265 2956 non
1297 2893 1402 2956 laudat

259 2997 320 3061 nisi
339 2997 418 3061 haec
436 2995 534 3060 uerba
548 2996 781 3079 Aristophanes
799 3001 949 3079 μοχλοῖσι
968 2989 1009 3060 τά
1029 2993 1223 3084 προπύλαια
1242 3007 1401 3076 πακτοῦν,

259 3124 335 3185 quo,
358 3102 412 3184 qui
436 3101 552 3166 Suidae
576 3104 705 3165 nimium
730 3102 852 3166 tribuat
876 3105 1089 3180 auctoritatis,
1113 3102 1292 3169 confirmari
1315 3105 1401 3169 facilc

258 3214 350 3291 putet
373 3209 583 3272 coniecturam
607 3208 748 3290 Reisigii,
772 3210 824 3292 qui
848 3230 906 3291 pro
925 3213 1097 3293 μοχλοῖσιν
1118 3209 1152 3274 δὲ
1172 3213 1228 3275 καὶ
1247 3208 1400 3296 κλῄθροι-
1446 3262 1450 3273 .

259 3331 312 3378 σιν
336 3315 384 3378 Ris
405 3313 500 3378 scribi
524 3314 626 3378 uoluit
649 3310 826 3398 κλῄθροισι
851 3307 884 3379 d’
909 3303 945 3378 εὖ
968 3317 1025 3378 καὶ
1047 3316 1205 3399 μοχλοῖσὶ.

348 3421 385 3483 ln
408 3442 435 3484 v.
460 3420 524 3485 840
548 3421 632 3503 quod
660 3422 772 3483 ultima
800 3421 898 3484 uerba
921 3422 976 3485 καὶ
1005 3426 1115 3502 φιλεῖν
1139 3424 1196 3487 καὶ
1223 3415 1266 3508 μὴ
1296 3427 1400 3504 φιλεῖν

259 3528 344 3609 apud
363 3526 492 3591 Suidam
516 3546 580 3589 non
603 3527 751 3609 leguntur
770 3566 813 3574 -
832 3527 971 3592 citantur
990 3533 1097 3592 autem
1115 3529 1256 3593 continui
1274 3552 1320 3592 vv.
1341 3529 1398 3593 539

262 3634 327 3698 840
351 3633 410 3697 841
448 3670 490 3678 -
522 3631 582 3696 hoc
608 3634 688 3697 miro
716 3634 872 3699 consentit
900 3655 970 3697 cum
998 3633 1119 3698 scholio
1146 3636 1221 3699 huic
1252 3637 1322 3700 loco
1349 3634 1400 3698 ad·

260 3739 381 3803 iuncto:
418 3740 702 3823 παραλογὶζεσθαι
737 3743 795 3804 καὶ
826 3732 867 3804 τά
899 3734 1033 3816 τούτοις
1065 3739 1366 3806 ἐπακολουθοῦντα
1375 3743 1399 3824 ³)

258 3837 347 3931 πλὴν
371 3834 421 3909 ὦν
441 3841 710 3928 συναιμοσάμεθα
732 3838 776 3932 μὴ
800 3847 959 3929 ποιεῖν4),
983 3846 1136 3911 τουτέστι
1160 3843 1399 3927 συνουσιάζειν

259 3956 392 4033 apparet
419 3951 502 4014 enim
534 3973 612 4015 uoce
644 3954 928 4035 παραλογίζεσθαι
961 3953 1113 4034 explicari
1146 3947 1400 4038 ἐξηπεροπτάειν

332 4127 490 4192 11Μίσσο11.
511 4127 572 4182 crit.
591 4143 636 4195 pg.
657 4129 717 4182 271.

331 4215 352 4278 ²)
370 4216 489 4269 Bekker.
519 4215 662 4269 Aneodota
681 4232 725 4284 pg.
746 4217 806 4281 340,
826 4218 869 4270 22.

331 4303 352 4368 ³)
372 4305 420 4357 καλ
439 4298 474 4356 τά
493 4297 597 4370 ταύτην
616 4307 893 4372 παρακολουθοῦντα
913 4306 997 4360 schol.
1017 4307 1069 4361 Ris.

332 4391 353 4455 ⁴)
373 4387 420 4444 ἐπὶ
440 4395 488 4458 τῆς
507 4387 621 4455 κύλικος
640 4392 764 4446 additum
784 4399 826 4446 est
844 4396 919 4461 apud
938 4397 1058 4451 Suidam.
1128 4410 1131 4415 ·
