2978 5114
154 390 196 454 as
590 428 632 436 -
681 391 775 473 [212]
823 429 862 437 -

241 585 344 648 Simili
366 583 459 647 modo
482 583 595 647 Suidas
618 586 724 649 uicina
746 587 855 667 aliqua
877 586 991 649 uocula
1007 583 1166 648 abductus
1186 583 1305 649 errauit

151 691 234 754 inv.
261 691 338 755 139:
374 682 481 754 odota
509 686 572 774 γάρ
597 689 658 755 εἰσι
686 681 775 776 πλὴν
803 690 980 756 Ποσειδῶν
1007 692 1062 754 καὶ
1093 687 1221 777 σκάφη,
1250 690 1302 753 ubi

151 817 212 861 uox
237 796 298 861 slot
322 818 379 879 pro
403 795 501 880 ἐσμὲν
524 798 632 860 uorsui
655 797 856 879 praecedenti
881 798 1022 863 debetur.

240 904 320 968 Item
344 904 376 967 in
399 926 426 967 v.
446 903 510 966 688
533 894 578 965 ἵν’
598 895 740 986 ὄζωμεν,
765 924 826 966 uox
850 900 905 968 ἵνα
928 925 986 986 pro
1010 895 1057 979 ὡς
1080 894 1123 966 dv
1149 924 1187 967 ex
1210 894 1303 967 uersu

150 1011 205 1092 qui
227 1010 370 1093 proxime
393 1010 548 1092 sequitur:
581 1016 644 1072 νῦν
667 1003 752 1094 πρὸς
777 1001 825 1092 ἔμ’
850 1008 911 1073 ἴτω
935 1032 998 1088 τις,
1022 1007 1078 1072 i'vu
1102 1012 1174 1072 κτλ.
1199 1016 1301 1073 trans-

149 1118 308 1198 migrauit.

238 1222 345 1288 Etiam
368 1224 401 1286 in
425 1243 471 1285 vv.
498 1221 561 1284 795
587 1222 650 1285 796

606 1337 697 1432 ἡμεῖς
721 1338 756 1409 δ’
779 1338 881 1410 οὐδὲν
903 1335 1005 1432 ἧττον

407 1459 469 1517 τοῦ
492 1453 711 1528 Μελανίωνος
735 1434 1007 1537 σωφρονέστεροι

151 1576 421 1662 σωφρονέστεροι
438 1597 496 1659 pro
515 1573 548 1641 οἱ
568 1571 741 1660 σώφρονες
756 1599 794 1641 cx
808 1579 914 1660 glossa
928 1583 1032 1641 ortum
1048 1585 1107 1654 est,
1126 1600 1190 1660 qua
1204 1577 1298 1642 uerba

98 1754 101 1758 Α
150 1678 250 1750 οὐδὲν
273 1674 377 1770 ἦττον
401 1680 433 1747 οἱ
457 1678 632 1766 σώφρονες
655 1683 811 1765 quispiam
837 1683 1095 1749 circumscribere
1118 1684 1297 1749 conabatur.

237 1897 382 1981 Denique
404 1896 586 1961 afferendae
609 1901 683 1960 sunt
706 1918 762 1961 cae
786 1897 961 1985 scripturae
985 1897 1103 1974 uariae,
1128 1919 1208 1982 quas
1230 1896 1295 1961 Sui·

149 2006 222 2070 dam
245 2005 278 2068 in
301 2004 371 2088 ipso
391 2024 436 2080 co,
459 2024 522 2085 quo
541 2003 701 2079 utebatur,
724 2004 831 2068 codice
855 2003 1034 2068 fabularum
1053 2003 1296 2088 Aristophanen-

147 2134 219 2176 rum
241 2111 399 2176 inuenisse
422 2109 593 2174 uerisimile
617 2115 673 2173 est.

239 2219 285 2282 Ac
311 2218 448 2300 primum
471 2216 597 2298 quidem
622 2216 736 2281 Suidas
760 2218 928 2299 genuinam
951 2216 1176 2300 Aristophanis
1204 2218 1294 2299 scrip·

148 2329 253 2387 turam
276 2323 409 2388 retinuit
432 2324 466 2386 in
489 2344 516 2385 v.
540 2323 605 2387 694
629 2313 731 2387 riardo
755 2329 787 2387 ct
810 2324 892 2387 inv.
918 2324 978 2388 701
1007 2318 1153 2407 ἑταίραν.

237 2431 317 2494 Tum
345 2451 390 2493 vv.
420 2428 605 2493 543-548
634 2430 851 2513 anapaesticos
875 2428 1070 2515 Reisigius1)
1100 2429 1200 2494 Suida
1225 2451 1293 2512 yro-

147 2539 277 2602 sissimo
301 2530 379 2601 teste
399 2557 473 2600 usus
497 2537 541 2599 sic
564 2536 690 2600 restitui
713 2535 819 2599 iussit:

522 2657 631 2723 ἐθέλω
656 2651 689 2723 d'
713 2658 768 2724 ἐπὶ
791 2666 860 2723 πᾶν

282 2766 368 2830 ἰέναι
391 2757 474 2848 μετὰ
496 2766 607 2852 scinde*
628 2766 700 2849 ysi)
724 2773 783 2852 τῆς
792 2768 819 2845 ³)
844 2758 961 2852 άρετῆς

521 2863 608 2954 ἕνεχ’
633 2865 684 2946 οἷς
708 2866 757 2934 ἔνι
781 2868 888 2952 φύσις,

282 2975 331 3041 ἔοι
351 2971 524 3060 rodrogo,
549 2973 599 3040 ἔοι
618 2977 654 3040 δὲ
674 2973 795 3059 σοφόν,
819 2974 869 3041 ἔνι
890 2978 961 3063 δὲῦ)
986 2974 1167 3059 φιλόπολις

226 3080 228 3082 ’
521 3075 621 3170 άρετὴ
645 3079 817 3167 φρόνιμος.

148 3207 263 3272 Omisit
299 3207 397 3289 igitur
428 3207 584 3290 Reisigius
621 3208 758 3272 testibus
791 3207 890 3272 Snida
921 3208 1080 3292 zonarass)
1119 3208 1289 3274 Phanorino

147 3311 197 3380 ἔνι
219 3309 312 3400 χάρις
335 3320 410 3378 ante
434 3310 483 3379 ἔοι
505 3310 634 3398 θράσος
653 3316 686 3377 in
706 3315 867 3379 codicibus
886 3315 1128 3399 Aristophaneis
1146 3316 1288 3398 positum3

146 3422 231 3485 idem
253 3422 373 3503 placuit
396 3420 630 3506 Westphalio⁷)
659 3425 691 3484 et
715 3420 753 3484 H.
778 3420 1005 3508 Schmidtio⁸)‚
1032 3442 1096 3487 non
1118 3421 1194 3486 item
1216 3421 1288 3485 Her-

146 3549 261 3591 manno
270 3528 297 3612 9)
322 3526 486 3593 Dindorfio
510 3527 643 3609 Eugoro.

220 3725 239 3789 1)
258 3721 392 3776 Coniectt.
412 3739 457 3790 pg.
477 3724 537 3776 202.

187 3888 190 3893 ¹
219 3898 239 3962 ⁸)
258 3901 307 3965 τῆς
326 3899 388 3952 add.
409 3899 555 3969 Reisigiua

219 3986 239 4050 4)
260 3978 299 4039 ἔνι
320 3981 430 4054 θράσος
450 3988 528 4041 deest
546 3989 579 4042 V.

217 4074 238 4142 ⁵)
258 4073 288 4128 δὲ
308 4076 381 4143 apud
401 4075 513 4130 Snidam
534 4082 598 4130 ante
618 4071 728 4146 θράσος
748 4075 910 4130 collocatum
930 4083 980 4130 est.

218 4163 237 4221 ⁰)
257 4164 270 4216 Ι
290 4181 334 4232 pg.
355 4164 414 4218 748.

218 4253 238 4316 ⁷)
258 4253 292 4306 dc
311 4270 341 4306 rc
361 4258 440 4306 metr.
459 4252 500 4307 112
518 4254 578 4306 438.

218 4342 238 4404 8)
257 4341 291 4394 dc
311 4347 460 4396 metrorum
481 4341 678 4410 compositione
697 4359 741 4410 pg.
763 4343 879 4396 CCXIV.

218 4429 237 4495 9)
256 4429 373 4483 Elemm.
394 4432 478 4484 doctr.
498 4437 577 4484 metr.
597 4434 657 4485 383.
