2978 5114
703 418 742 427 -
790 379 885 464 [ατο]
934 418 974 427 -

428 573 491 637 783
516 548 703 657 φροντίζεις
726 575 863 639 Μ-ΓΘΛ
886 597 942 657 pro
967 577 1147 658 φροντίζει,

428 681 494 744 814
518 679 651 765 ἐποίησε
675 682 846 746 M-V-P-A
868 704 926 764 pro
951 681 1114 767 ἐποίησιν.
1140 721 1182 728 -

357 876 423 940 Νεο
446 877 560 940 desunt
582 877 643 942 loci
666 876 825 953 nonnulli,
853 877 966 962 quibus
989 877 1125 942 Suidas
1148 877 1250 942 solus
1278 879 1411 960 genui-

269 1006 349 1048 nam
378 983 604 1066 scripturam
632 985 776 1060 seruarit,
799 985 1025 1087 Ambrosianus
1049 1006 1124 1049 uero
1152 1007 1216 1048 nna
1239 1006 1311 1049 cum
1333 986 1410 1048 reli-

269 1093 338 1173 quis
360 1089 451 1154 libris
474 1090 694 1174 manuscriptis
717 1091 832 1155 leuiter
854 1091 1059 1168 aberrauerit,
1081 1092 1169 1155 uelut

357 1219 385 1259 v.
418 1196 483 1260 254
516 1192 669 1280 ἔφευγεν,
706 1199 790 1280 quod
822 1204 956 1262 metrum
988 1197 1125 1281 flagitat,
1161 1199 1247 1281 apud
1280 1198 1411 1264 Suidam

267 1304 419 1387 reperies,
457 1325 526 1367 cum
558 1306 599 1366 M
629 1325 692 1367 una
724 1325 794 1367 cum
829 1305 959 1386 reliquis
996 1306 1137 1370 codicum
1169 1305 1299 1370 familiis
1331 1306 1410 1372 falso

269 1406 391 1494 ἔφυγεν
415 1416 578 1474 exaratum
601 1410 726 1475 habeat.

357 1517 437 1580 Tum
474 1539 501 1580 v.
536 1516 600 1581 278
633 1517 746 1581 Suidas
783 1539 852 1581 cum
886 1519 1003 1584 scholio
1042 1519 1100 1583 V&
1132 1518 1322 1603 ἐνδείκνυμι
1355 1523 1411 1586 καὶ

269 1623 392 1705 φαίνω·
418 1619 625 1687 ἐνδεικνύναι
650 1623 684 1688 δὲ
709 1619 823 1706 ε’λεγον
846 1615 885 1688 τὸ
909 1625 1143 1708 καταγγέλλειν
1165 1618 1241 1690 τινὰ
1265 1650 1407 1711 κακουρ-

268 1737 393 1813 γοῦντα
416 1732 493 1813 περὶ
514 1723 557 1793 τὰ
580 1726 678 1794 κοινά
701 1753 810 1795 uocem
837 1729 1026 1815 ἐνδείκνυμι
1049 1740 1135 1798 recte
1157 1731 1303 1809 retinuit,
1326 1735 1409 1798 unde

268 1835 428 1920 profectus
447 1829 630 1920 'odsixvvpa
651 1835 834 1902 Dindorfius
856 1860 914 1920 pro
938 1839 1072 1922 simplici
1096 1840 1246 1923 δείκνυμι
1269 1842 1410 1906 codicum

268 1944 474 2025 Aristophani
495 1944 644 2009 restituit.

357 2072 384 2114 v.
410 2051 475 2114 292
503 2043 763 2135 ἀσκαρδαμυκτί,
795 2074 889 2134 quam
916 2052 1048 2117 formam
1080 2054 1172 2118 unice
1204 2075 1312 2118 ueram
1344 2075 1410 2118 esse

269 2158 376 2222 docuit
395 2157 606 2239 Goettliugius
616 2157 652 2244 ¹),
675 2157 852 2222 Meinekius
871 2159 1076 2242 Aristophani
1099 2160 1253 2236 restituit,
1279 2161 1410 2226 eandem

269 2262 381 2328 Suidas
404 2285 427 2328 s.
450 2264 490 2347 gl.
513 2258 774 2347 Άσκαρδαμυκτί
798 2266 951 2342 seruauit,
980 2267 1102 2331 codices
1126 2259 1410 2350 ἄσκαρδαμύκτως

229 2432 232 2439 .
269 2372 392 2436 Mem
424 2363 699 2456 ἀσκαρδάμυκτος
726 2372 855 2436 Ρι-ίᾸΑ
891 2394 949 2438 sec.
965 2376 998 2437 Γ
1026 2395 1085 2438 sec.
1100 2375 1165 2439 ΛΡ
1197 2375 1300 2439 minus
1332 2375 1410 2439 bene

269 2484 432 2543 exaratum
454 2478 580 2543 habent.
780 2560 781 2564 Ἰ

356 2609 383 2649 τ.
403 2586 465 2650 991
488 2590 601 2679 λαβεῖν
616 2586 732 2652 Suidae
751 2586 992 2670 praeferendum
1012 2593 1060 2652 est
1077 2588 1147 2653 uoci
1165 2593 1299 2671 μαθεῖν,
1318 2587 1419 2672 quam

269 2694 302 2756 in
330 2693 473 2759 omnibus
502 2695 662 2759 codicibus
691 2716 728 2759 ex
754 2716 832 2758 uoce
863 2699 986 2778 μαθεῖν
1014 2716 1124 2760 uorsus
1151 2695 1216 2759 995
1249 2697 1410 2779 irrepsisse

270 2801 392 2864 monuit
424 2801 594 2876 Porsonus3
631 2801 713 2867 hanc
745 2800 861 2866 Suidae
897 2802 1085 2886 scripturam
1125 2809 1239 2886 poetae
1272 2804 1411 2868 restituit

271 2907 499 2994 Dindorfius2).

181 3084 185 3096 γ
359 3015 478 3079 Eodem
501 3016 606 3080 nescio
629 3038 670 3080 an
693 3016 849 3080 trahenda
872 3016 944 3092 sint,
967 3037 1047 3098 quac
1071 3017 1154 3100 apud
1175 3015 1304 3081 Suidam
1329 3038 1352 3080 s.
1371 3017 1409 3099 gl.

269 3120 403 3206 Κυπρία
431 3123 471 3185 ad
499 3143 607 3186 uersus
636 3122 701 3187 294
734 3121 799 3186 295
826 3122 1018 3205 pertinentia
1045 3122 1207 3205 leguntur:
1240 3123 1365 3206 κοπρία
1392 3115 1410 3186 ὃ

269 3222 387 3313 πηλός·
407 3229 464 3293 καὶ
482 3220 730 3316 Ἀριστοφάνης·
751 3224 1000 3314 κοπροφορήσω
1021 3220 1060 3308 o',
1078 3228 1108 3293 εί
1121 3253 1153 3292 τι
1170 3225 1307 3314 γρύζεις.
1338 3221 1411 3292 ἀντὶ

269 3342 341 3415 τοῦ,
365 3334 393 3399 εἰ
411 3331 572 3421 λαλήσεις,
595 3332 728 3420 κόπρου
748 3355 809 3402 σου
832 3331 1070 3422 καταφαρήσω,
1093 3335 1258 3414 τουτέστι,
1281 3331 1411 3418 κόπρου

270 3438 447 3528 κληρώσω.
485 3442 599 3508 Differt
623 3445 720 3527 igitur
738 3444 851 3509 Suidas
869 3443 916 3507 ita
938 3442 978 3507 ab
997 3442 1206 3509 Ambrosiano
1230 3448 1262 3507 et
1285 3442 1412 3524 reliquis

271 3549 439 3626 codicibus,
461 3557 498 3614 ut
515 3545 679 3637 γρύξειςδ)
702 3572 767 3615 non
785 3572 912 3615 uersum
930 3550 995 3613 294
1014 3551 1069 3615 sed
1085 3571 1214 3615 uersum
1238 3549 1302 3613 295
1326 3550 1411 3613 clau·

272 3656 333 3721 dat.
379 3657 541 3741 Leguntur
565 3658 648 3722 enim
671 3659 716 3724 sic
739 3659 772 3723 in
795 3657 1018 3739 Aristophanis
1040 3657 1214 3722 codicibus:

516 3784 605 3863 Παφ.
631 3780 826 3870 διαφορήσω
851 3776 889 3863 o’,
913 3781 944 3846 εί
965 3806 998 3847 τι
1019 3777 1188 3868 γρύξει(ς).

515 3880 594 3953 Ἀλλ.
619 3886 869 3976 κοπροφορήσω
894 3881 933 3968 o',
957 3889 985 3953 εί
1008 3885 1167 3975 λαλήσεις.

272 4011 359 4077 Solet
381 4018 488 4077 autem
510 4014 544 4077 in
563 4014 687 4097 dialogo
706 4016 789 4078 inter
808 4016 980 4080 isiciarium
999 4020 1031 4079 et
1049 4015 1284 4097 Paphlagonem
1302 4013 1412 4077 habito

384 4282 420 4334 ad
439 4281 573 4422 Tfheodos.
593 4279 741 4336 Grammat
762 4298 805 4349 pg.
826 4282 879 4336 230
897 4282 943 4336 IV.

345 4283 363 4348 ¹)

344 4369 364 4436 9

345 4459 365 4526 9

384 4460 504 4514 correxit
521 4460 696 4514 Elmsleius
688 4477 717 4514 m
736 4455 841 4531 γρύξει
824 4460 897 4514 rof.
917 4476 1007 4532 supra.
1072 4503 1076 4511 .
