2978 5114
606 441 645 450 -
696 402 790 485 [203]
839 441 879 450 -

356 596 440 660 Ret
462 595 498 661 S:
996 596 1131 662 BCLA:

173 702 257 765 1073
279 710 449 784 χωροῦσιν
782 696 963 786 χωροῦσ’,

172 809 257 871 1244
282 807 315 884 ἐς
347 801 426 884 τοὺς
455 801 633 883 Ἀσαναίως
666 832 700 873 τε
784 807 821 884 ἐς
849 801 925 885 τως
955 801 1163 885 Ἀσαναίως
1195 832 1231 873 τε
1260 810 1317 873 καὶ

281 915 337 977 καὶ
360 907 445 998 ἱμᾶς
784 913 817 990 ἐς
840 907 925 1000 ἡμᾶς
935 919 970 1000 l).

258 1020 391 1103 Propius
415 1021 551 1104 deniquo
574 1020 728 1086 accedunt
750 1022 792 1085 ad
816 1021 863 1084 Ri⁸
886 1043 981 1103 quam
1004 1023 1045 1085 ad
1069 1022 1201 1086 alterius
1224 1023 1316 1086 fami-

167 1126 229 1190 liae
253 1127 426 1209 scripturas
448 1127 510 1191 hae
532 1129 681 1210 propriae
704 1120 822 1192 Suidae
845 1128 995 1192 lectiones
1018 1128 1051 1190 iu
1073 1149 1120 1191 vr.

362 1233 446 1297 aet
470 1233 505 1298 s=
741 1258 743 1283 =
880 1211 897 1232 ⁴
982 1231 1117 1298 noun:

190 1339 234 1401 45
258 1332 454 1422 xtpds'prx’
478 1331 697 1471 ὄρθοστά-Ἰ
741 1292 744 1393 i

212 1478 216 1487 ·
302 1445 409 1509 droS
743 1490 745 1533 t
785 1442 1158 1529 κιμμερικορθοστάὸια,

256 1546 639 1635 κιμβερινκσρθοστάδια
658 1490 698 1616 Ri
743 1570 745 1599 ³
899 1601 902 1606 -

168 1657 230 1722 461
256 1649 538 1743 acdeod'S2tt
743 1678 745 1689 ⁴
845 1706 853 1727 ,
952 1701 961 1725 >

256 1755 429 1828 παύσεσθ’
447 1765 475 1826 u
526 1740 541 1839 t
784 1716 971 1788 '‘s‘vww’

170 1869 233 1932 616
257 1865 428 1933 πλειόνων
452 1871 509 1934 καὶ
531 1871 617 1954 μεγί-

302 1993 393 2040 ὕῖων
417 1974 438 2040 S
638 1869 656 2063 i
784 2006 951 2094 μειζόνων
975 2011 1032 2073 καὶ
1054 2005 1234 2089 πλειόνων,

256 2078 458 2146 πλειόνων
473 2072 656 2258 scalper-I

268 2231 273 2241 ·
302 2182 472 2267 ζόνωνΙὶ

175 2295 255 2358 1004
280 2295 390 2377 θίγειν
414 2293 453 2357 S'
788 2278 916 2358 Ισίγειν
938 2276 1028 2339 BLA

278 2406 379 2484 θιγῆν
404 2400 429 2462 R
449 2300 466 2468 i
790 2372 800 2448 Ι,
813 2394 916 2464 σιγεῖν
940 2379 1010 2466 04),

174 2506 256 2568 1243
279 2506 404 2571 xust'om
428 2505 513 2590 S³)'{

322 2612 339 2633 m
410 2613 438 2675 R
502 2593 515 2675 ί
783 2541 840 2605 καὶ
863 2537 1000 2626 κινήσω.

279 2629 386 2676 καισω

696 2776 716 2851 ξ
742 2771 791 2836 16.

257 2878 369 2942 Restat
395 2885 432 2941 ut
459 2899 513 2942 eos
539 2877 700 2960 proferam
728 2878 814 2942 locos
839 2916 878 2924 —
904 2883 936 2940 et
959 2885 1033 2942 sunt
1062 2899 1137 2943 sane
1164 2879 1255 2942 multi
1284 2879 1316 2941 in

171 2984 345 3068 Lysistrata
364 2983 540 3066 -quibus
560 2982 674 3048 Suidas
697 2985 859 3067 propriam
878 2984 1067 3066 scripturam
1091 2990 1274 3069 repraesent
1295 2991 1316 3049 t.

171 3089 237 3167 Qua
260 3092 292 3154 iu
316 3112 351 3154 rc
373 3090 433 3156 hoc
455 3095 504 3154 est
526 3090 707 3165 tenendum,
734 3090 892 3173 quidquid
917 3092 1118 3173 propriarum
1146 3092 1317 3157 lectionum

171 3197 208 3260 iis
230 3197 414 3262 inueniatur
435 3197 523 3270 locis,
546 3196 661 3279 quibus
685 3194 836 3262 deficiunt
858 3197 982 3262 codices
1000 3196 1128 3275 Bous,
1152 3200 1193 3262 ad
1217 3199 1318 3264 sotum

170 3301 231 3365 ΗΘΜ
259 3302 292 3366 id
325 3301 525 3366 referendum
557 3324 625 3366 csse
657 3304 793 3386 ideoque
822 3303 967 3369 subnasci
1001 3304 1243 3381 dubitationem,
1276 3327 1317 3370 au

170 3407 304 3473 leuiores
332 3409 509 3490 scripturae
537 3409 782 3491 discrepantiae,
814 3410 870 3474 ubi
902 3411 930 3473 R
958 3432 978 3473 a
1004 3431 1080 3474 uero
1111 3410 1317 3488 aberrauerit‚

171 3512 283 3577 Suidae
297 3535 368 3577 cum
383 3515 506 3598 integro
522 3515 666 3579 codicum
677 3513 794 3579 Bono
809 3516 979 3599 archetypo
994 3537 1173 3581 communes
1189 3515 1315 3581 fuerint.

256 3614 340 3684 Ante
368 3621 473 3685 omnia
501 3627 610 3686 autem
641 3623 721 3685 mire
753 3623 838 3704 apud
867 3621 997 3686 Suidam
1025 3623 1155 3686 tractati
1188 3627 1262 3685 sunt
1293 3623 1316 3686 ii

172 3747 291 3801 uersus,
319 3725 373 3809 qui
400 3724 589 3792 Laconicam
617 3750 693 3810 prae
722 3750 755 3792 se
778 3727 884 3792 ferunt
912 3727 1097 3792 dialectum:
1129 3749 1203 3791 narn
1231 3727 1317 3810 quod

171 3831 310 3914 Eugerus
330 3833 370 3896 de
389 3833 550 3899 codicibus
569 3834 628 3899 ΒΛ
647 3835 734 3910 dicit,
757 3835 858 3898 solere
877 3855 930 3897 eos
948 3855 1006 3916 pro
1025 3834 1189 3898 Laconicis
1207 3832 1317 3898 formis

172 3937 291 4002 Atticas
314 3961 499 4023 supponere,
522 3941 583 4004 hoc
606 3940 702 4004 etiam
725 3942 826 4023 magis
849 3940 986 4022 quadrat
1009 3941 1051 4005 ad
1069 3939 1209 4016 Suidam,
1232 3940 1318 4023 apud

241 4171 260 4234 ¹)
279 4169 353 4221 unde
372 4186 403 4222 τε
424 4163 475 4236 κής
495 4163 567 4235 ημὰς
586 4168 678 4237 posuit
696 4169 852 4223 Brunckius
871 4169 1006 4237 probante
1020 4167 1168 4223 Dindcrfio.

241 4256 261 4312 ²)
281 4256 321 4309 sic
342 4256 425 4310 ctiam
445 4259 631 4325 Augustanus.

239 4344 260 4401 ’1
279 4348 362 4413 σιγῆν
381 4360 449 4398 corr.
469 4345 649 4410 Inuernr'zius‚
669 4346 788 4414 probant
806 4345 963 4400 Dindorfius
983 4355 1012 4399 et
1031 4347 1161 4412 Engerus.

239 4433 259 4485 ⁴1
278 4429 386 4486 κάείσω
408 4434 531 4489 restituit
550 4434 705 4489 Brunckius
726 4450 760 4488 ex
781 4434 896 4489 Meursii
916 4434 1081 4490 coniectura.
