2978 5114
145 392 218 459 ,ω
434 402 438 410 ·
608 394 883 478 -τεεω-

175 582 251 655 ἀντὶ
282 597 353 668 τοῦ,
380 587 594 674 βεβρωμένον
622 591 678 653 καὶ
706 589 964 676 διεφθαρμένον.
1011 592 1075 655 427
1104 584 1311 672 Ἐβάστασευ·

174 689 250 762 ἀντὶ
276 703 339 760 τοῦ
365 693 569 780 ἐδοκίμασεν.
615 697 680 761 469
704 688 872 784 Ὀναὶμην·
907 685 1105 783 ἐπιτύχοῌιμι,
1134 693 1312 766 ἀπολαύσω

174 795 413 889 (ἀπολαύσαιμι
431 825 469 867 cx
483 789 687 868 Ρύειιοτῖιῖ
682 804 912 869 restituendum
931 805 1002 892 est).
1029 806 1095 870 493
1114 804 1312 892 Ληκωμεθα·

173 905 356 994 κινούμεθα.
403 909 467 975 509
489 899 645 995 Ἦστρον·
680 902 719 975 τά
744 902 811 976 ὑπὸ
834 906 896 976 τὸν
920 900 1206 999 ὀμφαλὸῙμέρος.
1253 916 1308 980 601

173 1014 354 1104 Πρόξενος·
388 1004 633 1104 ύ-προστάτης.
686 1018 748 1081 747
781 1014 951 1083 Διονύσια·
986 1012 1083 1106 ἑορτὴ
1111 1013 1196 1107 παρ’
1222 1009 1313 1108 ἀλύω

173 1126 287 1201 ναίοις.
340 1125 401 1188 771
420 1119 560 1210 Πλάτη·
594 1112 848 1210 κωπνῇλάτη
875 1127 932 1190 καὶ
960 1121 1047 1202 εἶδος
1073 1129 1206 1193 πλοίου.
1253 1130 1312 1194 846

172 1223 289 1296 Ἰλλόυ·
314 1217 521 1316 σῖρῆβλόν,
546 1223 730 1316 στραβὸν,
753 1223 774 1316 ἢ
797 1228 936 1314 τυφλόν.
979 1233 1042 1298 986
1072 1230 1219 1318 Τορεύει·
1242 1232 1312 1318 γλύ-

173 1361 241 1420 φει,
269 1346 373 1426 τιτρᾷ.
426 1338 508 1402 1217
537 1338 671 1422 πηκτὶς,
698 1338 872 1423 πηκτίδος·
910 1325 1117 1422 πάνάουρα
1149 1338 1312 1427 μάχαιρα

172 1440 417 1530 κρεώκοπος,
451 1434 541 1530 παρά
565 1444 611 1509 Ιδὲ
637 1437 866 1529 Ἀριστοφάνει
898 1444 935 1510 ἐν
970 1445 1312 1533 Θεσμοφοριαζούσαις

173 1547 260 1627 εἶδος
279 1543 426 1636 ὀργάνου
445 1551 677 1636 κιθαρωάικοῦ
695 1544 716 1637 ἢ
736 1547 841 1629 εἶδος
865 1545 1089 1618 ἀκολάστου
1115 1551 1310 1640 σχήματος.

175 1659 258 1723 1227
283 1657 453 1738 Διέβαλον·
479 1650 555 1723 ἀντὶ
577 1665 639 1722 τοῦ
664 1654 877 1745 ἐξηπάτησεν.

171 1751 370 1848 *Neque
392 1765 485 1830 aliter
508 1766 541 1827 in
563 1765 741 1849 Lysistrata
763 1766 856 1850 longe
879 1768 1015 1832 maxima
1034 1790 1108 1851 pars
1130 1790 1238 1834 earum
1259 1771 1310 1834 ad-

170 1873 383 1950 notationum,
419 1893 500 1955 quae
532 1894 552 1937 a
579 1871 682 1938 Suida‘
709 1872 774 1939 solo
806 1875 989 1951 traduntur,
1020 1876 1167 1958 proprias
1199 1877 1310 1960 glossas

171 1981 399 2065 complectitur,
421 1980 510 2044 uelut
532 1981 572 2044 ad
596 2001 657 2046 vv.:

262 2089 302 2152 13
335 2086 535 2173 Εἰρημένον·
568 2085 775 2170 λελεγμένον.
787 2087 813 2174 1)
863 2089 901 2152 19
935 2081 1134 2172 Ἑφώμισεν·
1178 2087 1309 2176 ἐτρεφεν

171 2193 243 2278 (leg.
260 2180 435 2278 ἐῧρεφεν).
482 2195 523 2256 57
553 2186 712 2270 Ἀττικάς·
738 2245 820 2257 .....
846 2180 903 2280 (ωε-1
928 2202 990 2260 τοῦ
1014 2194 1151 2274 δέοντος
1174 2189 1308 2283 ύστερον

171 2301 329 2385 spectant)
362 2292 438 2366 ἀντὶ
469 2287 531 2364 ff)
559 2292 792 2385 ὑστεριζούσας
818 2309 881 2367 τοῦ
909 2310 1041 2388 καιροῦ,
1074 2301 1307 2388 βραδυνούσας.

172 2410 214 2473 82
237 2403 345 2494 Πυγή·
369 2401 410 2472 τὸ
433 2407 511 2492 περὶ
533 2398 596 2473 τὸν
618 2398 780 2491 πρωκτὸν
803 2408 911 2492 μέρος.
950 2410 991 2475 89
1016 2405 1174 2496 Βλήχων·
1198 2404 1218 2498 ἦ
1241 2408 1308 2498 γλή-

169 2503 252 2598 icoc·
269 2505 377 2594 ούτως
390 2514 521 2599 λέγεται
534 2507 626 2600 παρά
641 2507 806 2590 Ἀττικοῖς.
830 2509 936 2581 ’Ἐστι
956 2516 996 2581 δὲ
1012 2512 1117 2594 εἶδος
1134 2515 1307 2605 βοτάνης.

170 2616 301 2687 καὶτὸ
327 2619 520 2709 ἐφήβαιον
548 2614 829 2708 Ἀριστοφάνης
858 2614 984 2700 ούτως
1008 2616 1204 2707 ὀνομάζει.
1253 2625 1308 2690 103

175 2723 338 2794 Ἄπεστιν·
360 2722 436 2794 ἀντὶ
453 2735 515 2794 τοῦ
535 2721 711 2813 ἀφέστηκε,
729 2724 862 2813 μακράν
881 2727 958 2794 ἐστι.
999 2731 1061 2795 107
1086 2718 1309 2815 Φέφαλοςκάὶ

166 2837 337 2920 φέφαλυξ·
362 2827 526 2921 σπινθὴρ,
555 2828 573 2900 ὁ
599 2827 898 2918 ἀναφερόμενος
921 2833 962 2901 ἐκ
987 2843 1066 2901 των
1090 2839 1308 2924 καιομένων

171 2940 306 3024 ξύλων.
342 2944 404 3008 126
415 2947 545 3008 Μυᾶτε·
561 2945 662 3006 Μυᾶν
677 2933 799 3007 ἐστιτὰ
815 2934 857 3006 τά
869 2945 961 3029 χείλη
974 2935 1060 3028 πρὸς
1075 2937 1203 3031 ἀλληλα
1217 2941 1307 3012 συνά-

169 3072 248 3133 γειν.
289 3042 341 3114 ’Τὸ
375 3049 410 3114 δὲ
443 3042 527 3114 αύτύ
561 3050 618 3114 καὶ
644 3045 781 3133 μύλλειν
809 3048 946 3134 λέγεται.
998 3050 1104 3128 Τινὲς
1138 3053 1194 3132 δὲ,
1225 3045 1309 3127 τούς

171 3148 405 3240 ὀφθαλμούς
438 3152 626 3240 συνάγετε
655 3155 976 3240 δυσαρεστοῦσαι.
1024 3149 1071 3222 ’Ἠ
1094 3148 1209 3244 ὥσπερ
1238 3155 1309 3242 μύες

170 3261 380 3329 καταδύεσθε
398 3265 456 3329 καὶ
475 3258 779 3349 σκαρδαμύσσεσθε.
814 3254 862 3327 ”H
874 3260 1027 3347 μύλλετε,
1052 3256 1073 3350 ἢ
1091 3268 1307 3351 μυκτηρίζετε.

171 3371 233 3434 201
255 3363 405 3456 Ἡσθείη·
430 3366 616 3456 χαρήσεται.
659 3369 721 3434 221
748 3363 923 3453 Ἑπιτυφῇ·
948 3369 1078 3453 ἐπικαῇ,
1103 3369 1309 3457 ἐπικυρωθῇ,

171 3463 339 3560 ἐτῆιαυθῇ
372 3469 424 3542 ἐπ’
457 3475 538 3560 ἐμοί.
587 3462 839 3542 256Ῑελπτα·
869 3469 1038 3557 ἀέλπιστα,
1067 3470 1307 3565 ἀπροσδόκητα.

170 3583 234 3648 275
262 3578 479 3667 Άφάλακτος·
505 3570 890 3670 άπαάὴξάτιμοάρητος·
918 3575 1161 3667 Ἅφάλακτον
1181 3577 1251 3670 γάρ
1269 3576 1307 3649 τά

170 3684 341 3756 άτικτον.
382 3691 445 3754 279
470 3683 635 3767 Ἄλουτος·
659 3692 761 3776 χωρὶς
779 3698 840 3754 τοῦ
860 3708 887 3755 σ.
927 3691 991 3754 295
1019 3694 1150 3773 Φῦφῦ·
1176 3690 1231 3758 ἐπὶ
1252 3698 1309 3757 τοῦ

170 3805 347 3878 φυσῶντος
361 3784 492 3883 τό-τωλρ.
522 3799 585 3862 367
606 3794 800 3883 Βρύκουσα·
821 3783 995 3876 {cclcc-ccc,
1010 3792 1191 3878 δάκνουσα,
1209 3789 1308 3883 παρά

169 3895 239 3990 τὴν
256 3902 395 3989 βοράν,
415 3902 542 3970 οἱονεὶ
559 3900 794 3989 βορύκουσα.
823 3904 890 3967 444
909 3899 1061 3980 Κύαθος·
1082 3897 1308 3992 άντλητήριον,

168 4012 292 4097 μέτρον
316 4002 419 4096 ύγροῦ
443 4005 587 4096 οάγγιολν
610 4006 655 4092 β’,
681 4002 702 4096 ἢ
726 3997 926 4095 κοχλιάρῖιον.
973 4011 1039 4074 474
1062 4011 1156 4097 Μηδὲ
1184 4007 1308 4097 κάρφος

169 4131 287 4183 κινεῖν·
326 4117 382 4183 ἐπὶ
419 4125 481 4184 τοῦ
517 4111 650 4203 ἡσύχου.
715 4118 778 4182 491
817 4104 1048 4203 Κορκορυμάςῗ
1082 4115 1109 4180 .’
1111 4169 1228 4183 .....
1256 4118 1307 4204 (ad

169 4216 388 4310 Κορκορυγὴν
417 4220 563 4310 ἐκύκων)
597 4217 673 4288 ἀντὶ
699 4211 934 4310 τοῖταραχὴν
967 4221 1112 4289 ἐκίνουν.
1159 4225 1225 4291 550
1255 4215 1306 4310 Μὴ

182 4336 205 4340 ω
242 4335 439 4434 1[φυτεύσω
459 4365 487 4419 in
507 4366 583 4420 codd.
594 4367 707 4420 Barccc.
719 4373 746 4420 et
760 4365 904 4421 Leidensi:
925 4361 1074 4436 εἰρημένον
1092 4360 1155 4420 ἀντὶ
1173 4370 1224 4421 τοῦ
1238 4363 1304 4436 εἰρη-

169 4450 255 4522 μένου
275 4449 409 4522 άττικιῦςς
430 4456 576 4524 legendum
596 4460 638 4509 cst
657 4450 719 4509 ἀντὶ
737 4458 787 4510 τοῦ
806 4452 979 4526 λελεγμένου
999 4455 1055 4524 (uel
1073 4453 1259 4526 λελεγμένον).
