2978 5114
169 400 212 464 92
603 440 646 449 -
693 394 788 483 [aaa]
835 439 875 447 -
918 417 925 435 ·

169 596 328 661 simillimo
360 597 536 662 doctrinam
569 618 657 661 suam
689 596 831 661 hausisse
863 596 923 661 boc
953 596 1021 679 ipso
1053 595 1122 660 loco
1155 594 1305 670 docemur,

169 696 242 779 υἱὸς
264 694 448 780 Ἀσπασίας
476 702 567 768 nobis
593 703 753 780 uenditat,
780 709 887 768 tamen
913 703 1082 786 genuinam
1104 701 1172 766 fere
1195 700 1306 765 Suidae

169 811 357 892 scripturam
381 816 539 876 seruatam
562 810 663 875 uideri
686 810 846 876 codicibus
865 809 978 874 AVBE
1002 806 1051 873 υἱὲ
1070 802 1238 874 Ἀσπασία
1259 829 1306 871 22-

169 917 307 1000 spicatus
335 922 384 981 est
411 916 646 983 Studemundus
673 917 707 981 in
735 917 862 982 scholis:
894 914 944 981 υἱὲ
972 918 1055 982 enim
1082 917 1116 981 in
1143 915 1306 998 archetypo

169 1022 285 1089 Suidae
308 1025 401 1089 lexici
422 1025 527 1088 uideri
550 1046 587 1089 eo
612 1023 757 1089 effectum
776 1046 852 1102 esse,
876 1025 960 1107 quod
978 1045 1036 1106 pro
1055 1023 1188 1107 integris
1206 1021 1305 1087 uerbis
1321 1058 1323 1063 <

168 1132 289 1214 primae
308 1136 432 1196 tantum
451 1132 578 1196 litterae
597 1119 625 1193 oi
643 1128 666 1195 ἒ.
687 1131 736 1218 (id
755 1137 803 1196 est
821 1131 849 1216 ᾧ
869 1126 1033 1217 ἐγαμήθη)
1049 1131 1186 1213 scriptae
1200 1135 1304 1194 essent.

169 1237 230 1303 Hic
259 1260 327 1304 mos
359 1238 491 1304 notandi
518 1259 582 1303 non
608 1238 825 1322 perscribendi
852 1238 952 1304 uerba
978 1239 1054 1303 olim
1080 1238 1146 1302 late
1173 1236 1304 1320 patuisse

169 1345 297 1410 uidetur
319 1351 351 1411 et
374 1347 458 1429 apud
483 1344 619 1411 Graecos
642 1346 826 1412 scholiastae
850 1352 882 1411 et
905 1346 990 1429 apud
1012 1345 1181 1422 Romanos,
1203 1365 1303 1427 quam-

170 1473 264 1535 quam
295 1452 397 1516 adbuc
428 1453 494 1526 uiri,
523 1453 608 1518 docti
639 1453 723 1520 hunc
755 1474 873 1518 morem
900 1452 1032 1518 notandi
1059 1452 1159 1518 multo
1188 1451 1303 1535 saepius

169 1558 461 1626 animaduerterunt
487 1560 521 1624 in
549 1560 708 1628 codicibus
730 1560 853 1625 Latinis
876 1582 971 1644 quam
993 1561 1027 1626 in
1049 1559 1187 1626 Graccis.

694 1797 714 1875 s
738 1793 789 1858 22.

257 1951 357 2016 Venio
376 1954 418 2017 ad
437 1974 490 2017 ecs
510 1954 604 2031 locos,
623 1953 736 2038 quibus
755 1954 955 2037 utriusque
974 1953 1144 2019 codicum
1163 1953 1302 2037 generis

169 2064 202 2123 et
225 2059 273 2123 Ris
298 2066 329 2123 et
354 2059 438 2122 Vitii
461 2059 581 2124 scholia
604 2061 771 2126 coniuncta
794 2062 877 2144 apud
897 2058 1027 2125 Suidam
1050 2058 1209 2142 leguntur.
1244 2059 1303 2124 Mo-

169 2167 239 2229 nuit
257 2165 341 2229 enim
359 2167 423 2231 iam
441 2166 672 2251 Bernhardyus‚
684 2168 709 2252 1)
733 2187 799 2232 mori
816 2168 941 2231 mirrimi
958 2188 1022 2230 esse
1039 2168 1197 2246 momenti,
1218 2166 1303 2248 qood,

170 2293 252 2352 quoe
274 2273 404 2337 seorsim
427 2277 485 2335 cot
503 2273 535 2336 R
557 2279 701 2339 seruaret
719 2279 777 2338 oret
802 2275 839 2352 V,
858 2296 896 2338 eo
915 2273 1080 2354 confertim
1099 2272 1223 2338 Siridos
1234 2293 1304 2354 pro·

168 2378 255 2442 deret
272 2383 301 2441 et
320 2379 424 2443 uerbis
442 2380 583 2445 truderet
600 2381 778 2445 uberrimis
826 2381 923 2446 Cuius
946 2381 1069 2464 generis
1087 2401 1194 2464 pauca
1211 2401 1304 2446 exem·

168 2487 224 2570 pla
245 2485 298 2550 hio
319 2507 446 2569 ponam3
470 2488 557 2552 uelut
580 2488 621 2553 ad
644 2512 670 2552 v.
694 2487 750 2552 99:

170 2610 191 2675 S
210 2633 233 2675 s.
248 2611 288 2694 gl.
303 2607 513 2677 Καταπάσω·
719 2614 760 2678 R:
1109 2613 1180 2678 VO:

170 2722 401 2783 καταποικιλῶ
433 2722 513 2806 πλη·
568 2724 799 2786 acroamate
1111 2740 1172 2784 om.

170 2819 269 2909 poiooo
344 2846 401 2892 om.
711 2849 770 2893 om.
803 2843 818 2865 ·
967 2822 1151 2913 πληρώσω,
1184 2829 1306 2912 γεμίσω.

259 2949 309 3013 Ad
333 2972 358 3013 v.
385 2952 439 3016 10:

198 3055 219 3120 S
239 3079 262 3122 s.
281 3056 321 3139 gl.
345 3060 401 3121 Μῦ
423 3066 481 3143 μῦ·
721 3061 762 3125 R:
1110 3060 1183 3123 Va:

196 3189 203 3201 ·
964 3158 1211 3250 Ὁμοφονοῦσιν
1256 3158 1306 3248 ἄμ-

313 3291 372 3335 cm.
968 3269 1108 3358 morspec
1140 3269 1305 3356 μύζοντες·

968 3387 1070 3445 τοῦτο
1087 3379 1123 3444 δὲ
1134 3373 1181 3457 ὡς
1191 3386 1306 3466 θρηνη-

291 3479 361 3548 ἕστι
385 3484 421 3549 δὲ
445 3483 515 3569 ἰἀμ-
713 3511 771 3555 cm.
968 3481 1079 3552 τικόν·
1105 3481 1175 3552 ἔστι
1194 3486 1229 3552 δὲ
1244 3485 1306 3567 ἴαμ-

169 3595 228 3672 βος
261 3586 345 3674 ’ἔχων
383 3582 422 3656 τὸ
455 3592 515 3676 μὲν
923 3644 935 3675 v,
955 3587 1026 3675 4””βος
1059 3588 1145 3676 ἔχων
1183 3584 1222 3658 τὸ
1253 3589 1305 3676 μὲν

170 3705 308 3783 πρῶτον
335 3721 380 3782 μυ
403 3691 516 3783 βραχὺ,
969 3708 1110 3788 πρῶτον
1132 3695 1246 3785 βραχὺ,
1271 3686 1304 3761 τὸ

170 3796 209 3869 τὸ
230 3804 264 3870 δὲ
285 3800 444 3891 δεύτερον
457 3829 515 3890 μα-
970 3800 1304 3894 δὲδεύτερονμακρόν.

170 3908 267 3998 κρόν·
292 3919 394 3978 τοῦτο
416 3913 451 3977 δὲ
471 3905 516 3991 ὡς
869 3907 915 3992 ὡς

171 4025 386 4106 θρηνοῦντες.
543 4082 544 4093 ,
571 4028 787 4109 θρηνοῦντες.

171 4146 205 4209 In
238 4147 295 4210 V&
323 4147 422 4229 igitur
448 4148 547 4212 uerba
575 4140 620 4225 ὡς
649 4139 855 4235 θρηνητικὸν
884 4149 929 4213 eis
956 4147 1147 4231 respondent
1173 4166 1252 4231 quae
1276 4143 1304 4206 iu

171 4253 206 4318 Sa
229 4260 261 4318 et
285 4254 324 4317 ΒΘ
347 4257 496 4338 leguntur
520 4247 565 4332 ὡς
589 4260 804 4340 θρηνοῦντες.

245 4470 263 4535 ¹)
284 4471 444 4524 Commentt.
465 4469 499 4523 de
518 4468 619 4524 Suidae
638 4467 728 4522 lexico
748 4485 792 4538 pg.
811 4469 871 4525 481.
