2978 5114
168 402 211 466 as
601 435 644 444 -
691 396 787 479 [rsa]
834 437 877 445 -
992 428 996 433 -

169 595 252 659 fecto
284 593 412 657 minime
444 590 658 674 neglegendus
681 596 730 655 est
756 590 870 656 Suidas
902 591 935 655 in
969 594 1168 658 recensendis
1196 594 1321 659 Arisbe-

168 700 283 784 phanis
323 698 454 763 fabulis:
495 718 569 761 nam
605 703 638 761 et
679 698 884 762 uetustissimi
925 703 958 762 et
999 698 1168 781 singularis
1205 701 1322 765 codicis

170 805 397 889 Aristophanei
419 803 573 886 reliquiae
596 803 673 867 satis
697 803 821 885 amplae
848 804 899 868 his
926 804 1141 888 lexicographi
1165 807 1323 889 excerptis

170 919 317 979 seruatae
345 916 428 975 sunt.
474 910 517 974 Et
540 908 690 991 quoniam
717 915 872 991 quantum
894 930 914 973 a
937 910 1121 976 Rauennate
1145 911 1322 995 scripturae

170 1019 287 1085 Suidae
310 1016 492 1099 discrepent
514 1015 792 1092 considerauimus,
814 1015 875 1080 hoc
896 1018 1087 1080 monendum
1110 1023 1169 1094 est,
1191 1039 1234 1082 ne
1252 1041 1323 1084 cum

169 1125 330 1190 nonnullis
356 1122 435 1187 uiris
463 1122 564 1188 doctis
586 1121 766 1185 Rauennati
792 1122 875 1187 libro
899 1123 1086 1206 corruptelis
1110 1123 1231 1206 apertis
1255 1146 1322 1190 sae

170 1233 341 1315 penumero
364 1228 482 1294 infecto
504 1227 634 1293 nimiam
657 1228 881 1293 auctoritatem
903 1229 1087 1294 tribuamus.

561 1420 697 1531 onrvr
720 1421 934 1488 uersuum.

699 1566 719 1644 e
746 1565 795 1628 ro.

261 1706 353 1769 Nunc
379 1711 505 1768 transeo
533 1705 574 1768 ad
602 1704 785 1768 tractandas
809 1705 1149 1788 Thesmophoriazusas
1177 1712 1210 1771 et
1233 1708 1321 1792 Lysi-

172 1818 306 1877 stratam
333 1810 466 1876 fabulas.
522 1810 644 1887 Quibus
671 1811 705 1873 in
731 1811 930 1876 recensendis
957 1819 1085 1894 praeter
1112 1811 1179 1876 Bo
1198 1814 1321 1879 codices

172 1918 347 2002 (Parisinos
359 1916 445 1980 2715
457 1916 569 2001 2717),
578 1916 766 1981 Vossianum
772 1916 958 1981 Leidensem
968 1917 1026 2003 (L)
1037 1917 1322 1984 Laurentianumrl

172 2024 240 2109 (31,
261 2023 326 2106 16),
348 2021 463 2105 quibus
481 2021 823 2104 Thesmophoriazusae
841 2044 913 2086 non
932 2022 1152 2101 adseruantm,
1175 2025 1272 2108 uulgo
1290 2027 1321 2089 in

172 2151 263 2193 usum
278 2129 475 2193 uocabantur
494 2128 615 2193 codices
629 2128 826 2212 R(auennas)
847 2133 878 2192 et
892 2127 1097 2211 Augustanus
1116 2130 1160 2213 (G
1170 2132 1322 2214 Valseni),

172 2236 310 2316 donique
328 2234 457 2299 Iuntina
480 2234 578 2299 editio
597 2235 750 2318 princeps,
787 2235 816 2298 N
818 2256 878 2299 unc
896 2235 1024 2300 Valseni
1043 2239 1321 2302 commentatione:

172 2340 298 2418 „Ueber
326 2341 386 2405 den
414 2342 513 2404 codex
540 2340 679 2405 Urbinas
707 2342 763 2405 der
790 2340 967 2423 Lysistrata
994 2342 1059 2405 und
1088 2343 1146 2406 der
1172 2343 1322 2408 Thesmo-

172 2447 381 2532 phoriazusen
400 2446 456 2511 des
472 2446 719 2529 Aristophanes“
733 2446 979 2512 luculentissime
998 2454 1132 2531 apparet
1151 2450 1323 2514 editionem

172 2555 259 2619 illam
277 2553 452 2637 principem
471 2551 584 2616 Iuntae
608 2575 647 2616 ex
665 2554 735 2634 ipso
753 2553 794 2616 R⁰
812 2552 940 2617 fluxisse
950 2556 984 2637 ¹).
1021 2554 1227 2636 Augustanus
1245 2577 1321 2620 uero

171 2661 288 2740 abique
310 2658 377 2738 fere
395 2660 446 2723 ael
469 2658 579 2722 saltem
602 2660 638 2722 ia
659 2659 750 2723 rebus
773 2660 977 2741 grauissimis
996 2681 1065 2725 cum
1083 2660 1128 2723 Βθ
1148 2663 1323 2726 consentire

172 2787 227 2830 aec
254 2767 319 2830 alst
346 2766 465 2829 calami
492 2765 652 2828 erroribus
675 2786 697 2828 a
720 2766 763 2829 Re
788 2766 919 2844 differre
942 2766 1128 2831 Thiersehio
1151 2767 1323 2831 uidebatur

173 2879 205 2936 et
224 2871 395 2956 Engero.²)
442 2871 510 2948 Quo
535 2871 584 2948 fit,
611 2873 703 2935 utin
731 2872 1135 2954 Thesmophoriazusis
1164 2894 1238 2937 cum
1261 2893 1322 2936 uno

172 2979 214 3043 R⁰
233 2977 350 3043 Suidae
373 2977 524 3043 lectiones
547 2978 778 3060 comparandae
801 2979 872 3042 sint.

698 3157 718 3235 e
745 3156 794 3218 11.

261 3295 426 3378 Leguntur
453 3301 560 3360 autem
583 3294 678 3360 buius
706 3295 833 3359 fabulae
855 3295 941 3378 apud
965 3294 1096 3359 Suidam
1119 3319 1232 3361 uersus
1258 3298 1322 3362 203

175 3424 273 3466 -ea
296 3408 345 3467 est
368 3406 458 3466 sexta
480 3401 547 3466 fere
571 3401 668 3465 botius
692 3401 818 3465 fabulae
842 3422 915 3484 pars
937 3441 975 3448 —-
997 3403 1074 3466 locis
1099 3403 1162 3467 148
1186 3404 1278 3467 citati
1288 3406 1322 3487 ³).

261 3508 308 3572 Ac
326 3508 463 3591 primum
477 3509 604 3592 quidem
619 3529 658 3571 ex
672 3509 716 3572 eis
731 3508 808 3573 locis
822 3507 877 3571 ubi
893 3508 1006 3573 Suidas
1021 3531 1091 3573 cum
1106 3509 1321 3594 R(auennate)

173 3615 327 3701 congruit,
350 3615 489 3696 insignes
513 3613 667 3696 quosdam
691 3612 896 3677 enumerabo:

262 3720 298 3784 V.
315 3722 380 3785 100
394 3719 509 3785 Suidas
528 3741 600 3784 cum
613 3718 654 3782 R⁰
670 3719 928 3803 διαμινυρὶζεται
947 3721 1087 3786 immisso
1101 3727 1214 3786 eontra
1229 3722 1322 3787 metri

246 3898 266 3963 ¹)
289 3895 439 3951 Refellitur
462 3895 547 3965 igitur
569 3893 710 3973 sententie
733 3893 837 3962 Engeri
856 3894 993 3948 luminam
1018 3899 1091 3953 aR0
1111 3904 1139 3952 et
1162 3899 1321 3966 augustano

172 4002 231 4039 non
250 3984 352 4038 calami
374 3990 486 4038 tantam
504 3983 645 4040 areatas
663 3982 711 4038 sed
730 3984 863 4052 praetore
881 3985 964 4036 eriam
981 3987 1140 4054 emptarae
1160 3986 1321 4040 diuersitate

173 4073 286 4138 differre
304 4073 452 4143 opinantis.

245 4161 265 4218 'l
284 4162 371 4229 praef.
392 4161 506 4231 Lysistr.
527 4162 589 4226 XII,
609 4161 681 4217 Mus.
701 4163 789 4219 Rhen.
809 4163 915 4216 11245.

246 4252 265 4314 ³)
284 4249 420 4318 Reliquae
439 4249 597 4304 comoediae
617 4266 634 4303 a
653 4250 737 4304 Suida
756 4251 920 4305 afferuntur:
949 4250 1044 4304 Nubes
1069 4250 1137 4304 loeis
1157 4252 1222 4315 424,
1246 4252 1319 4304 Aues

173 4339 239 4400 408,
258 4339 453 4394 Acharnenses
470 4341 536 4404 385,
560 4340 656 4393 Ranae
675 4339 740 4404 331,
764 4340 821 4393 Pax
841 4342 906 4403 231,
929 4337 1026 4392 Plutus
1045 4341 1111 4405 252,
1131 4341 1241 4409 Vespae
1259 4340 1318 4402 209,

174 4425 330 4496 Lysistrata
349 4429 409 4493 201,
429 4426 640 4482 Ecclesiazusae
662 4428 719 4481 195.
