2978 5114
175 396 218 460 90
609 434 650 443 -
697 396 792 479 [νει]
840 435 881 444 -

174 591 370 672 grammatici
394 591 521 657 uidetur
544 613 611 656 esse
629 591 802 669 adnotatio
827 613 907 677 quae
926 593 1022 658 etiam
1041 592 1074 657 in
1093 591 1209 657 Suidae
1227 593 1305 657 eodi-

177 715 244 762 oem
266 703 394 782 recepta
412 704 467 763 est.

262 804 313 870 Ad
335 825 362 868 v.
389 803 466 869 154:

276 909 297 975 S
320 932 344 975 s,
369 912 409 994 gl.
543 911 545 988 l
722 912 762 976 R:
941 912 943 995 l
1110 912 1182 976 VO:

941 1016 943 1117 j
968 1014 1218 1104 προσκέψομαι·

173 1013 516 1102 προοκέψομαι·τιερι-
542 1060 544 1115 ρ
570 1014 820 1103 προσκέψομαι·

174 1120 516 1210 σκοπήσοι,περιεργά-
542 1118 544 1122 ’
570 1120 826 1211 περιεργάσομαι
967 1122 1307 1211 κεριερχάσομαι,φη-

174 1247 271 1315 σομαι
285 1227 449 1297 εἰσελθών
459 1232 516 1296 καὶ
686 1254 745 1297 om.
858 1236 915 1298 καὶ
969 1235 1036 1312 σλν,
1065 1224 1230 1298 εἰσελθών
1256 1233 1307 1296 καὶ

172 1333 391 1425 κατανοήσας.
544 1396 546 1415 ,
569 1333 912 1425 κατανοήσωτίποιεῑ.
968 1335 1168 1425 κατανοήσω
1183 1341 1309 1404 vinecel

544 1424 546 1461 ²
968 1439 1215 1530 ὃΠαφλαγοόν.

261 1552 311 1616 Ad
333 1573 360 1616 v.
386 1551 463 1617 197:
620 1617 623 1623 ,

172 1659 250 1748 egl.
277 1651 518 1744 Άγκολοχεὶλης
572 1650 805 1745 ἀγκυλοχείλης
970 1655 1008 1724 τὸ
1029 1659 1064 1724 δὲ
1080 1651 1308 1744 ἀγκυλοχείλης

171 1766 228 1830 καὶ
273 1757 517 1848 ἀχκολόχειλος,
697 1767 786 1851 (om.)
1095 1765 1186 1852 (om.)

172 1867 516 1955 σκολιόχειλοςέπίθε-
854 1880 916 1938 τοῦ
1088 1871 1094 1879 ’
1153 1870 1306 1937 ἐπίθετον

970 1988 1031 2045 τοῦ
1054 1971 1170 2068 ἀετοῦ,
1199 1969 1218 2043 ὁ
1246 1977 1306 2042 ἐπι-

968 2099 1107 2170 καμπεῖς
1135 2077 1194 2162 τὰς
1215 2076 1307 2171 χήλάς

970 2188 1063 2276 ἔχων.

170 2000 232 2044 τον
244 1985 308 2043 τοῦ
322 1970 432 2058 ἀετοῦ,
448 1977 517 2044 ἐπι·
571 1973 672 2044 ἀετοῦ
696 1978 865 2046 ἐπίθετον.

170 2098 311 2169 καμπεῑς
337 2076 396 2162 τὰς
417 2077 517 2171 χηλὰς

172 2187 257 2275 ἐ’χων
308 2194 394 2274 [τοῦ
439 2194 517 2277 χεί-

170 2302 287 2382 ιους].
300 2303 325 2384 1)

714 2162 772 2205 om.

695 2481 715 2558 ς
738 2477 788 2542 ει.

264 2619 371 2685 Codex
397 2623 425 2684 Θ
452 2619 511 2685 etsi
539 2619 730 2684 scholiorum
753 2619 855 2684 forma
877 2625 910 2684 et
932 2619 1023 2702 eopia
1045 2618 1112 2683 fere
1134 2623 1222 2682 lotus
1244 2638 1307 2682 eum

178 2727 218 2791 V⁰
242 2728 402 2810 congruit,
428 2733 534 2791 lamen
561 2726 766 2791 inueniuntur
793 2727 936 2792 nonnulli
962 2725 1036 2802 loei,
1064 2724 1179 2809 quibus
1208 2725 1307 2807 singu-

170 2833 270 2899 larem
298 2834 409 2900 soholii
436 2833 569 2899 formam
597 2832 739 2911 exhibel3
767 2840 863 2918 alque
891 2835 973 2898 inter
1004 2832 1062 2897 hos
1089 2851 1307 2915 nonnunquam

172 2962 340 3006 consensus
376 2941 431 3006 uel
466 2941 641 3006 similitudo
677 2940 793 3006 codicis
827 2943 855 3005 θ
887 2963 957 3006 oum
990 2939 1087 3005 Suida
1119 2936 1307 3023 deprehendi

171 3053 286 3131 potest,
308 3049 409 3112 ueluti
432 3049 472 3112 ad
497 3070 525 3112 v.
550 3049 606 3112 70:

115 3211 119 3225 ‚
189 3154 209 3220 S
228 3177 252 3218 ε.
271 3155 311 3237 gl.
332 3149 496 3239 Χέζομεν·
709 3155 748 3218 V:
758 3155 784 3240 ²)
1117 3156 1159 3218 6:

172 3253 249 3326 ἀντὶ
282 3269 343 3326 τοῦ
369 3266 514 3326 πολλα-

169 3364 349 3434 κλάσιον.
402 3359 441 3433 τὸ
480 3367 543 3435 dil

170 3472 368 3561 νοούμενον,
392 3466 444 3541 ὅτι
466 3500 515 3561 μι-
541 3438 543 3551 l

170 3596 263 3667 κροῖς
299 3579 463 3669 λήμμασιν
496 3574 514 3647 ὃ
541 3606 543 3639 =

170 3685 289 3754 Κλέων
307 3697 366 3776 τῆς
384 3685 516 3766 πόλεως
541 3676 543 3763 l

168 3788 515 3881 κροδίδοοσιτάπράχ-
540 3766 543 3843 l

169 3926 264 3987 ματα.
541 3852 543 3999 l

313 4086 372 4129 om.

171 4227 382 4235 —u—

967 3264 1102 3345 πολλῷ
1139 3261 1306 3325 πλείονα.

968 3360 1011 3430 ἵν’
1042 3354 1063 3450 ή
1099 3357 1139 3432 τὸ
1177 3362 1307 3450 νοούμε-

967 3496 1046 3553 νον,
1092 3463 1145 3538 ὅτι
1186 3483 1307 3559 μικροῖς

952 3575 1111 3675 ,λήμμασι
1135 3572 1307 3646 ἀποδίδον-

967 3711 1022 3752 ται
1073 3695 1132 3773 τής
1182 3682 1307 3760 πόλεως

968 3785 1009 3858 τὰ
1032 3789 1225 3879 πράγματα,
1257 3784 1308 3874 ἀφ’

969 3889 1019 3964 ὦν
1034 3893 1181 3982 ἀφέλεια
1193 3903 1308 3986 μείζων

969 4003 1112 4074 ἐδύνατο
1159 4004 1307 4091 γενέσθαι

968 4122 1009 4198 τῇ
1027 4109 1135 4180 πόλει.

243 4278 262 4344 ¹)
282 4280 332 4330 τοῦ
349 4276 461 4347 χείλους
479 4277 538 4331 iure
558 4293 609 4331 om.
629 4279 653 4330 A
673 4276 782 4341 Suidae,
801 4273 908 4342 recepit
927 4272 1107 4328 Phouorinus.

242 4365 263 4431 l)
286 4367 310 4420 R
333 4366 376 4421 his
400 4366 447 4435 qul
469 4374 602 4434 sequntur
620 4365 689 4420 loeis
707 4365 777 4419 nihil
801 4365 837 4419 ad
860 4379 918 4417 rem
942 4361 1022 4428 feeit,
1047 4379 1109 4417 cum
1133 4370 1181 4418 out
1199 4363 1304 4418 adnoto-

172 4452 273 4511 tionom
291 4455 395 4513 nullam
415 4457 518 4513 habeat
536 4460 587 4526 (vv.
608 4456 641 4511 70
661 4458 674 4510 1
696 4456 757 4523 132)
781 4460 829 4510 out
847 4452 933 4508 multo
952 4452 1063 4507 breuior
1081 4451 1118 4506 sit
1137 4458 1170 4519 lv.
1190 4454 1224 4519 2).
