2978 5114
254 371 297 436 24
687 407 727 415 -
776 369 871 452 [res]
920 407 960 416 -

254 559 573 648 suidamrconuptae
596 565 759 640 lectiones,
782 585 862 648 quae
885 565 918 627 in
940 586 1003 629 uno
1027 565 1167 629 alterouo
1190 565 1299 629 eodioe
1324 565 1395 628 Ari-

254 671 427 755 stophaneo
445 678 573 756 praeter
590 671 832 763 Ambrosianum
852 677 1027 749 occurrunt,
1046 694 1109 736 non
1127 673 1211 754 quod
1232 693 1271 736 ex
1289 673 1396 736 codiee

253 781 359 863 aliquo
388 781 420 844 in
449 778 579 844 Suidam
605 779 778 844 translatae
806 779 883 855 sint,
910 779 966 844 sed
989 780 1065 861 qnia
1090 779 1174 844 idem
1197 779 1237 843 ab
1261 784 1396 861 utroque

254 886 384 952 librario
407 887 522 951 uitium
544 885 713 951 admissum
737 890 793 962 est,
816 886 905 950 uelut

343 1034 369 1075 v.
394 1011 435 1075 75
459 1003 561 1088 αὐτὸς
582 1011 662 1116 falso
683 1033 756 1076 oum
779 1009 878 1076 Suida
900 1011 1022 1076 oodioes
1053 1011 1226 1076 V-P-Fen
1246 1011 1397 1094 scriptum

254 1119 382 1196 habent,
404 1141 475 1184 eum
493 1124 579 1184 reete
602 1117 701 1195 οὕτος
724 1118 846 1183 codices
868 1118 968 1182 RMA
992 1119 1204 1193 seruauerint3
1262 1195 1265 1202 ¹

343 1265 370 1307 v.
398 1244 460 1309 104
483 1255 555 1320 ταῖς
577 1243 659 1308 male
682 1242 795 1307 Suidas
818 1248 851 1307 et
874 1243 988 1322 Ae-P,

485 1361 573 1414 ταῖσι
595 1355 681 1415 recte
704 1349 841 1426 R-V-M,

485 1469 635 1522 ratorex
657 1469 730 1534 ταῖς
751 1460 926 1521 oorreotum
950 1457 1021 1534 Fa·

215 1660 218 1665 Ι
346 1602 372 1644 v.
397 1580 460 1644 257
480 1573 729 1667 παραβοηθεῖθ’
743 1581 822 1647 falso
840 1602 910 1644 eum
930 1579 1399 1661 8111111111117-ΑΓΘΔ-Ρ,

256 1710 326 1752 oum
348 1693 434 1752 reete
457 1681 725 1774 anpodopdrlod'
748 1688 818 1751 RM
834 1687 1017 1762 exhibeant3

345 1812 459 1877 1756
492 1819 555 1877 νῦν
584 1812 635 1877 δεῖ
665 1829 700 1877 σε
732 1807 844 1877 πάντα
873 1803 912 1897 δὴ
940 1817 977 1875 ut
1004 1835 1023 1876 a
1051 1812 1150 1878 Suida
1177 1814 1221 1877 sio
1249 1813 1283 1876 in
1311 1814 1399 1878 codd.

261 1922 314 1985 en
336 1920 418 1985 male
440 1921 559 2004 pictum
582 1926 630 1985 est
652 1941 710 2002 pro

490 2051 553 2108 νῦν
577 2039 616 2126 δή
641 2060 676 2109 σε
700 2039 812 2109 πάντα
836 2044 888 2108 δεῖ
910 2044 1052 2109 oodioum
1084 2044 1164 2119 VM3

258 2171 403 2234 similiter
426 2175 532 2234 autem
554 2175 649 2253 atque
672 2170 705 2233 in
728 2169 781 2232 ΘΔ
804 2174 837 2233 et
860 2169 942 2250 apud
962 2167 1093 2233 Suidam
1116 2169 1149 2232 in
1173 2168 1263 2233 eodd.
1283 2168 1404 2234 RAFP

258 2282 421 2361 peceatum
445 2282 505 2341 est:

515 2408 577 2466 νῦν
602 2403 642 2488 δῆ
666 2418 701 2466 σε
724 2396 838 2467 πάντα
862 2391 901 2487 δὴ
924 2402 961 2478 R,

517 2516 580 2573 νῦν
604 2504 643 2597 δή
668 2526 703 2574 σε
726 2504 838 2573 πάντα
862 2501 901 2594 δὴ
925 2509 964 2584 Α,

515 2624 577 2682 νῦν
601 2618 653 2682 δεῖ
674 2634 709 2682 σε
732 2611 845 2682 πάντα
869 2616 919 2681 δεῖ
939 2619 1029 2699 prim.
1055 2620 1087 2681 Γ

516 2723 594 2810 (νῦν
619 2721 658 2812 δή
683 2742 718 2789 oe
741 2719 853 2789 πάντα
878 2724 929 2789 δεῖ
950 2746 1111 2815 eorr3seo.
1135 2728 1197 2809 Γ),

516 2839 579 2896 νῦν
603 2832 655 2896 δεῖ
676 2848 712 2896 σε
735 2827 847 2896 πάντα
871 2835 908 2899 Ρ.

296 3031 299 3036 ,
349 2980 375 3021 v.
399 2958 465 3021 924
489 2967 675 3042 συμφοραῖς
697 2957 854 3039 quomodo
878 2957 911 3019 in
934 2956 1050 3022 Suidae
1073 2957 1212 3021 oodioem
1236 2964 1268 3020 et
1296 2958 1329 3019 in
1352 2977 1401 3020 co-

261 3066 361 3129 dicem
384 3071 414 3127 A
437 3064 599 3147 irrepserit
622 3086 717 3147 supra
740 3065 876 3147 exposui.

349 3188 407 3253 His
421 3189 523 3254 simile
538 3210 605 3253 1111
618 3190 733 3266 iudico,
747 3188 833 3271 quod
847 3210 873 3251 v.
888 3189 929 3252 27
934 3189 950 3252 7
968 3188 1081 3254 Suidas
1095 3210 1165 3253 oum
1173 3187 1402 3252 R-V-P-Aro

260 3297 340 3361 falso
364 3295 534 3382 παρέλθῃς
558 3298 657 3361 tradit
680 3295 866 3381 (παρέλθης
889 3303 1063 3361 correctum
1090 3319 1128 3360 ox
1147 3293 1327 3380 παρέλθεις
1350 3294 1401 3380 Λ);

261 3404 487 3469 Ambrosianus
510 3425 530 3468 a
552 3424 629 3468 uera
651 3403 808 3487 scriptura
829 3401 984 3485 παρέλθῃ
1005 3396 1034 3467 o'
1050 3403 1191 3486 proxime
1210 3401 1310 3476 abest,
1333 3422 1400 3465 enm

262 3511 341 3576 nihil
363 3510 614 3593 praetermiserit
635 3511 698 3574 nisi
721 3511 788 3575 iota
810 3510 1021 3594 subscriptum
1045 3535 1064 3596 η
1087 3510 1221 3574 litterae.
1271 3588 1272 3591 Ἴ

350 3636 417 3701 iam
440 3634 602 3700 efferenda
624 3641 698 3700 sunt
721 3657 771 3712 ea,
799 3656 880 3717 quae
903 3634 1051 3699 librarius
1075 3633 1275 3699 Ambrosiam
1299 3632 1401 3696 oeulo-

261 3764 332 3808 rum
356 3744 446 3826 lapsu
469 3764 587 3827 suoque
609 3743 713 3807 Marte
735 3741 886 3826 peccauit,
908 3742 996 3806 uelut
1019 3742 1051 3805 in
1075 3762 1134 3804 vn:

512 3888 553 3950 M
925 3882 946 3948 S
969 3889 1055 3948 reete
1079 3905 1150 3947 oum
1174 3888 1245 3946 oett.
1269 3881 1356 3946 codd.

310 3994 350 4056 18
374 3992 682 4077 κομψευριπιδικώς
694 3995 719 4077 ²)
875 3995 1149 4075 κομψευριπικῶς

308 4099 350 4163 36
376 4099 483 4184 δρᾶμα
874 4104 1009 4182 πρᾶγμα

287 4206 351 4269 224
373 4201 477 4292 βδύλη
874 4199 986 4282 βδύλει

336 4454 355 4522 ¹)
375 4452 448 4508 idem
467 4454 595 4526 peccauit
614 4454 791 4510 Phanorinus.
