2978 5114
607 477 646 486 -
694 439 790 521 [rso]
838 477 878 486 -

535 631 696 685 Oratores
715 637 748 685 et
766 633 946 687 Rhetores:

241 737 382 805 Antiphon
402 739 444 802 69,
465 738 622 791 Andocides
641 740 666 802 8,
687 739 784 806 Lysias
803 742 848 803 91,
869 741 1004 793 Isocrates
1024 741 1066 802 52,
1086 741 1180 792 155555
1200 741 1243 802 58,
1263 741 1313 808 Ly-

170 843 269 894 curgus
288 828 330 890 28,
350 825 505 894 Hyperides
525 827 567 890 65,
586 827 831 881 Demosthenes
849 828 910 892 241,
931 827 1083 881 Aeschines
1098 829 1141 891 37,
1160 827 1314 881 Dinarchus

170 917 212 969 49.
232 946 265 953 —
286 914 432 984 Dionysius
451 915 706 968 Halicarnassensis
724 917 768 969 35.

653 1056 833 1112 Historici:
998 1109 1012 1133 ,

240 1162 431 1215 Herodotus
450 1164 513 1228 281,
535 1163 751 1232 Thucydides
770 1165 835 1228 208,
856 1165 1040 1232 Xenophon
1060 1167 1121 1231 221,
1141 1166 1269 1232 Ephorus
1288 1168 1310 1228 6,

170 1249 363 1317 Theopompus
379 1251 420 1314 17,
435 1250 615 1305 Philochorus
629 1254 672 1316 30,
691 1252 851 1321 Polybius
866 1255 926 1317 651,
942 1253 1077 1306 Diodorus
1092 1255 1135 1317 64,
1151 1255 1313 1321 Iosephus

169 1339 232 1402 259,
252 1338 416 1391 Plutarchus
437 1343 481 1403 10,
501 1340 634 1392 Arrianus
654 1342 696 1405 97,
715 1342 865 1394 Pausanias
884 1345 927 1405 22,
948 1342 1091 1409 Appianas
1111 1343 1153 1405 85,
1178 1342 1231 1395 Dio
1251 1343 1313 1395 055·

170 1425 227 1479 5155
247 1428 310 1492 101,
338 1427 480 1496 Euuapius
504 1429 550 1493 94,
574 1428 722 1496 Procopius
744 1431 806 1491 192,
831 1429 967 1496 Agathias
987 1431 1033 1493 94,
1054 1430 1189 1497 Georgius
1209 1430 1313 1483 Pisidcs

171 1516 212 1578 72,
232 1514 456 1584 Theopbyla'ctus
475 1515 699 1582 815555115101,
719 1519 835 1570 Ioannes
854 1518 1044 1572 Antiochenus
1063 1520 1106 1573 63.

636 1677 850 1744 Philosophi:
927 1657 930 1662 ’

241 1788 319 1842 Plato
340 1790 403 1854 187,
431 1789 596 1844 Aristoteles
620 1791 666 1854 71,
695 1791 901 1859 Theophrastus
925 1794 971 1856 23,
996 1792 1155 1845 Alexander
1176 1792 1314 1860 Aphrodi-

170 1877 269 1930 siensis
293 1880 340 1942 82,
364 1878 532 1932 lamblichus
551 1881 598 1944 26,
618 1879 746 1948 Synesius
766 1881 812 1945 77,
836 1881 1035 1934 Damascins
1055 1883 1118 1947 2013
1148 1880 1315 1948 Diogenes

170 1965 330 2019 Laertius
345 1968 409 2034 2663
429 1967 568 2021 Lucienus
583 1970 608 2032 6,
628 1967 812 2022 Philostratus
826 1971 869 2032 82,
889 1969 1058 2022 Artemidori
1074 1969 1257 2022 Onirocritica
1274 1970 1314 2022 72.

629 2126 861 2181 Grammatici:

241 2231 415 2285 Herodianus
437 2234 481 2296 12,
502 2234 617 2286 Ioannes
642 2232 809 2300 Philoponus
832 2234 879 2299 75,
899 2234 1090 2288 Theodoretus
1111 2236 1174 2301 1573
1194 2236 1313 2303 denique

170 2319 337 2373 Aelianus
356 2322 417 2386 400,
437 2323 597 2375 Athenaeus
617 2324 659 2375 66.

259 2472 307 2537 Ι)5
334 2472 494 2536 nonnullis
522 2495 560 2537 ex
587 2475 632 2538 eis
660 2474 881 2556 scriptoribus,
909 2497 988 2556 quos
1016 2477 1172 2557 excerpsit
1195 2475 1318 2551 Suidae,

171 2578 291 2642 dudum
308 2601 329 2642 a
346 2580 424 2642 uiris
446 2580 547 2643 doctis
566 2580 746 2662 quaesitum
770 2586 829 2644 est:
853 2582 941 2645 55151
960 2582 1079 2664 glossas
1098 2604 1136 2645 cx
1155 2581 1317 2665 Sophoclis

170 2684 344 2766 tragoediis
382 2685 572 2767 scholiisque
604 2686 788 2767 Sophocleis
826 2688 1000 2769 descriptas
1037 2688 1164 2769 collegit
1200 2688 1318 2770 Hoepf-

171 2791 315 2875 nerus¹);
338 2790 467 2854 uberius
490 2796 523 2855 et
546 2791 725 2856 accuratius
748 2792 869 2856 scholia
892 2793 1067 2876 Sophoclea
1089 2816 1109 2856 a
1133 2793 1317 2858 851115555-

171 2901 248 2959 uata
266 2897 417 2961 tractauit
435 2898 469 2960 in
487 2898 684 2980 praefatione
703 2899 744 2962 ad
768 2898 881 2961 horum
900 2899 1090 2963 scholiorum
1110 2900 1281 2963 editionem
1291 2901 1317 2984 2)

172 3001 209 3066 G.
232 3001 428 3078 Dindorfius,
451 3005 506 3085 qui
528 3001 664 3069 Sutrium
688 3003 769 3067 libro
792 3024 884 3067 usum
908 3025 971 3069 esse
994 3006 1237 3082 demonstrauit,
1262 3008 1318 3088 qui

171 3108 286 3172 similis
308 3109 408 3188 fuerit
431 3111 472 3187 et',
498 3131 535 3174 55
558 3132 621 3191 quo
647 3108 678 3174 G
702 3110 918 3197 (Florentinus
943 3111 1099 3176 Abbatiae
1123 3112 1225 3197 2725)
1255 3114 1318 3175 ori·

171 3209 440 3300 9155515155113)’;
467 3216 591 3300 Polybii
614 3221 648 3281 et
670 3216 809 3298 Appiani
833 3217 946 3280 multos
975 3218 1073 3293 15555,
1101 3239 1180 3298 quos
1204 3218 1318 3282 Suidas

171 3320 271 3385 lexico
295 3343 350 3385 suo
373 3322 519 3396 inseruit,
546 3323 728 3396 emendauit
751 3327 784 3386 51
806 3322 980 3387 illustrauIt
1004 3323 1318 3405 Schweighaeuserus

171 3427 212 3489 ad
236 3428 354 3490 calcem
377 3427 514 3512 Polybii,
538 3429 626 3493 ouius
647 3429 775 3511 parauit
798 3429 982 3505 editionem,
1011 3432 1088 3494 tomi
1112 3430 1204 3512 primi
1230 3430 1318 3493 etin

171 3531 435 3597 Emendationum
456 3539 488 3597 51
506 3535 772 3600 Obseruationum
792 3537 824 3598 in
843 3533 974 3598 Suidam
992 3541 1078 3600 tomo
1096 3536 1211 3618 prim03
1230 3535 1317 3599 deni-

172 3659 233 3721 que
256 3640 296 3703 de
319 3638 435 3703 Suidae
462 3640 677 3724 lexicographi
700 3662 759 3706 usu
782 3642 822 3705 ad
847 3642 941 3705 crisin
965 3647 997 3705 51
1026 3642 1318 3725 interpretationem

172 3744 326 3809 librorum
349 3767 510 3810 sacrorum
534 3747 701 3830 epistulam
724 3747 849 3830 scripsit
872 3747 1012 3829 Toupius
1035 3749 1078 3812 ad
1099 3748 1149 3812 Fr.
1174 3748 1317 3812 Schleus-
1354 3814 1358 3821 ,

171 3872 291 3915 nerum.
338 3851 455 3935 Contra
478 3853 700 3936 Aristophanis
728 3853 908 3920 fabularum
936 3856 1020 3936 apud
1044 3854 1173 3919 Suidam
1201 3876 1317 3918 memo·

172 3959 252 4021 riam
270 3978 366 4021 nemo
389 3958 494 4022 adhuc
516 3960 666 4023 continua
689 3960 831 4024 oratione
858 3961 1092 4036 retractauit,
1119 3967 1155 4024 ut
1177 3982 1197 4024 a
1220 3959 1318 4024 Suida

172 4121 384 4128 -.--.--

245 4207 264 4272 ¹)
283 4206 312 4258 in
327 4204 475 4259 Annalium
495 4204 541 4272 qui
560 4204 760 4259 Inscribuntur:
780 4207 890 4271 „Neues
909 4206 1038 4274 Magazin
1057 4207 1102 4261 fiir
1121 4208 1316 4262 Schullehror“

172 4300 237 4348 tom.
256 4296 278 4360 1,
298 4296 332 4348 II.

244 4383 256 4415 2

245 4387 267 4540 ”l
285 4384 548 4543 118115555551555
568 4473 596 4526 in
616 4473 778 4529 Commentt.
797 4474 831 4528 de
851 4474 952 4528 Suidae
971 4472 1061 4527 lexico
1079 4489 1124 4544 pg.
1144 4473 1269 4528 XLVIII.
