2978 5114
180 743 285 823 Atque
312 748 348 804 ut
375 742 451 824 quid
480 741 614 805 sentiam
642 740 681 804 do
704 739 853 806 Suidanis
881 764 919 806 ex
946 741 1098 824 Equitum
1128 739 1236 805 fabula

90 848 247 929 excerptis
270 847 411 911 breuiter
434 847 709 930 comprehendam,
732 846 849 912 Suidae
873 849 1048 930 scripturae
1071 867 1173 930 noque
1196 847 1237 910 ad

91 955 124 1017 id
157 955 299 1018 codicum
327 975 424 1037 genus
452 953 637 1018 referendae
661 959 739 1025 suut
766 956 849 1038 qnod
878 954 1000 1019 codices
1031 953 1238 1017 v-P-Aren

93 1060 326 1142 complectitur,
358 1081 460 1142 noque
487 1081 558 1123 oum
585 1060 770 1125 Rauennate
801 1067 871 1125 arta
903 1060 1039 1142 quadam
1067 1060 1239 1124 cohaerent

93 1166 336 1242 necessitudine,
368 1187 480 1231 uerum
512 1173 643 1249 propter
674 1168 849 1250 complures
878 1168 1051 1249 scripturas
1079 1187 1099 1229 a
1126 1165 1240 1240 ceteris

93 1272 183 1337 libris
210 1293 338 1355 prorsus
362 1273 482 1337 alienas
505 1273 658 1356 singulari
687 1274 811 1338 cuidam
835 1274 978 1338 codicum
1005 1271 1144 1336 familiae
1167 1275 1240 1334 sunt

93 1379 332 1455 adtribuendae,
350 1400 370 1443 a
385 1400 447 1462 qna
464 1380 562 1444 codex
577 1379 804 1445 Ambrosianus
823 1381 962 1444 omnium
981 1379 1122 1461 proxime
1142 1376 1240 1440 abest.

94 1484 188 1549 Certe
212 1485 372 1550 reicienda
394 1493 442 1550 est
460 1485 618 1551 Dindortii
641 1486 844 1568 aliorumque
856 1487 1013 1550 sententia
1036 1484 1090 1566 qui
1110 1481 1241 1547 Suidam

94 1612 157 1656 uno
180 1591 363 1674 pluribusne
384 1592 544 1657 codicibus
563 1594 742 1657 Rauennati
759 1593 941 1674 Venetoque
964 1589 1130 1656 simillimis
1149 1609 1241 1652 usum

95 1718 163 1762 esse
185 1697 392 1763 arbitrantur.

162 1803 388 1869 Vniuersorum
410 1805 509 1888 igitur
528 1806 749 1890 Aristophanis
768 1805 911 1870 codicum
929 1803 1093 1886 originem,
1116 1798 1242 1881 qualem

96 1909 223 1991 quidem
256 1912 289 1975 in
321 1911 473 1993 Equitum
510 1911 620 2002 fabula
655 1913 834 1995 perspicere
867 1911 955 1985 licet,
986 1908 1046 1974 hoc
1077 1909 1243 1970 stemmate

97 2016 271 2082 illustrasse
294 2017 432 2082 iuuabit:
1180 2006 1183 2011 ’

486 2108 522 2176 [a]

170 2185 535 2482 ΜΛΝ

906 2391 984 2553 [δὲ

436 2472 570 2709 ilel
856 2493 1164 2887 lrlNNrt]

135 2777 184 2833 R¹¹
388 2706 486 2762 Suidas
1123 2700 1159 2900 Χ

126 2860 130 2872 ·
750 2708 1006 3035 sse

507 3326 581 3378 ner
718 3319 785 3372 rxlv
825 3324 890 3375 em

915 3549 971 3601 ΛΠ
1108 3550 1164 3601 PXV

193 3657 280 3734 Quae
309 3677 378 3718 cum
402 3655 448 3716 ita
476 3654 553 3727 sint,
581 3651 725 3733 quamuis
753 3650 897 3731 dispersa
920 3653 952 3710 et
980 3647 1152 3711 dilacerata
1175 3645 1247 3709 xri-

106 3763 268 3844 stephanis
301 3761 478 3842 fragmenta
510 3781 530 3822 a
562 3756 660 3823 Suida
692 3754 901 3819 exhibeantur
938 3760 971 3818 et
1002 3752 1119 3818 Suidae
1151 3753 1250 3833 ipsius

106 3868 228 3933 codices
263 3867 460 3949 maximeque
494 3865 548 3928 Bu
584 3862 774 3928 foedissimis
806 3859 994 3943 corruptelis
1026 3878 1251 3938 nonnunquam

106 3975 212 4038 uitiati
235 3974 307 4049 sint,
331 3979 437 4036 tamen
459 3971 586 4036 laudem
608 3969 760 4034 meruisse
782 3968 910 4031 uidetur
924 3967 1026 4031 Wold.
1050 3963 1252 4036 Ribbeokius,

106 4082 190 4164 quod
208 4081 360 4165 Equitum
384 4079 514 4144 editioni
534 4077 650 4142 Suidue
673 4096 798 4158 quoque
822 4076 994 4155 scripturas
1016 4077 1048 4134 et
1070 4068 1251 4167 adnotatio-

108 4209 162 4252 nes
189 4188 216 4251 si
244 4208 306 4252 non
330 4207 437 4250 omnes
460 4191 495 4248 at
522 4190 607 4247 corte
635 4182 838 4266 grauissimas
866 4177 1060 4260 subscripsit.
1108 4173 1151 4238 Et
1178 4194 1251 4256 pro-

108 4296 318 4307 ———-———-

179 4350 199 4413 ¹)
218 4347 244 4400 h.
260 4361 284 4398 e.
304 4343 336 4408 is,
356 4359 437 4412 quem
451 4343 551 4399 Suidas
570 4342 598 4396 in
612 4358 690 4397 usum
708 4338 827 4404 uocauit,
847 4339 934 4392 codex
948 4333 1075 4390 undecim
1095 4329 1251 4385 fabularum

109 4435 380 4507 Aristophanearum.
1134 4425 1139 4433 ·
