2978 5114
612 447 654 457 -
700 410 796 493 [218]
844 449 883 458 -
942 365 946 374 ²

561 677 697 742 cucur
721 675 933 740 xnrnuvu.
998 665 1002 675 '

696 857 716 936 a
741 854 791 918 21.

263 997 451 1080 Priusquam
489 1003 594 1061 autem
632 996 750 1061 scholia
792 995 933 1060 Suidana
969 1017 1040 1061 cum
1077 997 1123 1060 eis
1161 997 1320 1062 codicibus

175 1101 423 1186 Aristophaneis,
441 1126 480 1168 ex
499 1103 613 1186 quibus
628 1103 749 1168 scholia
762 1101 976 1178 innotuerunt,
996 1124 1224 1184 comparemus,
1242 1127 1320 1186 quae

174 1210 258 1273 inter
281 1209 411 1275 Suidam
435 1216 467 1274 et
490 1215 611 1274 ceteros
634 1207 875 1292 lexicographos
899 1209 1097 1295 maximeque
1121 1209 1321 1293 Hesychium,

175 1314 336 1392 Photium,
363 1317 517 1381 Zonaram
546 1317 628 1380 ratio
652 1306 842 1390 intercedat,
870 1315 979 1396 paucis
1003 1317 1228 1398 explicandum
1254 1319 1319 1382 erit.

262 1422 308 1487 Ac
331 1424 467 1505 primum
490 1422 617 1504 quidem
641 1421 680 1484 de
703 1421 847 1485 Zouara
870 1422 938 1484 iure
962 1443 999 1485 ac
1024 1423 1138 1487 merito
1162 1423 1320 1488 Bernhar-

173 1529 288 1613 dyus1)
313 1529 488 1611 exagitauit
511 1528 741 1603 Tittmannum,
769 1527 853 1608 quod
878 1528 999 1592 duobus
1021 1528 1241 1594 coturnicibus
1263 1531 1319 1593 Ζα-

173 1655 289 1698 naram
306 1637 397 1700 nobis
414 1635 617 1711 uenditasset,
639 1631 823 1716 quinctius
842 1653 986 1716 unquam
1005 1636 1183 1712 exstitisset,
1208 1637 1319 1700 nedum

173 1762 194 1803 α
221 1738 327 1806 Surda
355 1742 488 1806 describi
508 1745 625 1821 posset.
678 1740 769 1818 Quod
797 1761 987 1822 quamquam
1013 1763 1077 1806 non
1110 1748 1222 1825 aperte
1250 1755 1318 1806 cou'·

172 1849 276 1912 tendit
304 1849 517 1924 Tittmannus‚
550 1847 679 1912 Suidam
707 1847 848 1912 Zonarae
880 1847 1003 1913 lexicon
1033 1849 1151 1930 partim
1182 1849 1317 1932 descrip-

172 1955 248 2018 sisse
258 1955 298 2040 2),
326 1955 490 2037 probabile
513 1960 620 2017 tamen
643 1954 672 2017 ei
696 1953 836 2030 uidetur,
860 1958 1028 2036 atramque
1051 1976 1089 2019 cx
1112 1955 1228 2019 eisdem
1251 1955 1317 2035 fon-

171 2061 254 2125 tibus
271 2061 424 2139 locastae,
449 2060 572 2126 Sattiae
590 2064 696 2124 uatem
715 2060 845 2138 ῖανῖααα,
865 2060 961 2143 quate
980 2063 1108 2143 quidem
1125 2082 1212 2127 αααα
1230 2063 1317 2127 tube-

171 2188 254 2245 mus,
291 2189 306 2231 e
342 2168 474 2232 Zonurn
504 2172 619 2248 postea
655 2167 884 2246 interpolatum
920 2187 983 2232 csse
1020 2168 1096 2232 locis
1122 2170 1317 2253 plurimis.³)

171 2273 270 2337 Immo
302 2273 457 2338 Zonaram
489 2273 540 2337 uel
569 2294 653 2350 eum,
686 2273 740 2357 qui
767 2273 891 2339 lexicon
918 2273 996 2337 illud
1025 2274 1168 2339 Zonaras
1196 2276 1317 2340 nomine

172 2387 317 2443 ornatum
340 2381 568 2463 compilauerit‚
592 2380 691 2462 ipsius
710 2379 827 2445 Suidae
844 2380 995 2452 thesauro
1014 2403 1108 2445 usum
1127 2402 1196 2446 esse
1214 2383 1317 2464 paucis

171 2486 326 2551 illustrem
349 2487 512 2571 exemplis:
1024 2503 1025 2506 ’

172 2593 322 2675 Equitum
346 2617 391 2660 vv.
416 2594 590 2658 989-991
617 2595 662 2658 sic
685 2592 849 2657 exhibent=

241 2699 354 2765 Suidas
378 2723 400 2765 s.
425 2701 465 2783 gl.
490 2701 632 2783 Δωριστί
743 2698 745 2785 l
919 2699 1057 2764 Zonaras
1081 2700 1096 2764 Ι
1120 2700 1223 2764 592·

176 2797 239 2891 Τὴν
277 2807 420 2891 Δωριστὶ
455 2803 563 2892 μόνην
601 2798 703 2891 ‹Ippo-
785 2797 846 2892 τὴν
884 2807 1028 2890 Δωριστὶ
1067 2802 1176 2892 μόνην
1220 2799 1314 2891 ἁρμα-

546 2913 624 2976 νίαν
648 2903 704 2997 tp·
1163 2916 1239 2978 νίαν
1263 2907 1314 2997 dp·

170 3013 355 3100 μόττεσθαῖ
386 3014 480 3101 cupa
504 3010 565 3103 τὴν
589 3014 704 3103 λύραν,
784 3014 970 3102 [adtrectat
994 3012 1193 3106 θαυμαστὴν
1213 3016 1312 3104 λύραν

171 3117 274 3210 ἄλλην
295 3116 326 3188 d'
345 3116 408 3188 cdx
431 3123 562 3189 ἐθέλειν
581 3129 702 3206 λαβεῖν.
786 3117 890 3210 ἄλλην
910 3117 943 3189 d'
963 3119 1025 3190 οὐκ
1045 3125 1176 3191 ἐθέλειν
1196 3131 1313 3206 λαβεῖν.

171 3229 352 3314 Singulares
390 3231 506 3297 Suidae
543 3234 729 3316 scripturas,
766 3224 930 3315 ἁρμονίαν
963 3234 1108 3298 additum
1141 3239 1174 3298 et
1208 3236 1314 3312 λαβεῖν

171 3360 227 3421 pro
250 3344 374 3422 μαθεῖν
398 3345 572 3415 exaratum,
600 3341 738 3404 Zonaras
762 3359 887 3420 quoque
909 3343 1018 3404 tuetur
1042 3347 1074 3405 et
1095 3340 1210 3404 uitium
1234 3339 1314 3402 insu·

170 3465 226 3526 per
249 3445 375 3509 addidit
398 3438 596 3532 θαυμαστὴν
619 3469 677 3529 pro
700 3441 795 3529 θάμα
818 3437 890 3531 τὴν.

171 3549 251 3613 Tum
273 3551 307 3613 in
330 3552 535 3616 adnotatione
557 3554 599 3617 ad
623 3553 679 3636 Eq.
704 3575 749 3618 vv.
777 3552 839 3615 103
866 3551 928 3615 104
952 3553 1103 3635 leguntur

326 3659 410 3741 apud
435 3656 578 3722 Suidam:
742 3660 744 3743 l
847 3659 930 3741 apud
954 3658 1110 3723 Zonaram
1133 3658 1149 3722 1
1173 3659 1251 3723 813:

171 3774 355 3846 Ἐπίπαστα
398 3773 440 3846 τὰ
483 3779 701 3848 iurauerit·
741 3748 744 3883 l
783 3775 968 3849 Ἑπίααστα
999 3774 1041 3846 τὰ
1075 3778 1312 3847 inculcand-

169 3884 701 3974 peva(turulacctprvanl')
741 3886 743 3959 l
782 3913 879 3974 μενα
911 3897 965 3974 τῷ
1004 3887 1153 3972 σώματι
1185 3881 1312 3970 ἄλφιτα.
1391 3929 1395 3935 -

170 4001 224 4080 τῷ
256 3991 405 4079 σώματι
439 3987 571 4076 ἄλφιτα.
621 3991 702 4072 ἔθος
741 3974 743 4051 l
784 3992 864 4073 ἔθος
887 3989 948 4081 γὰρ
973 3992 1063 4080 εἶχον
1086 3998 1157 4058 κτλ.

169 4093 230 4188 γὰρ
296 4096 385 4187 εἶχαν
444 4113 556 4165 ποιεῖν
618 4107 701 4166 nlu—
740 4100 743 4189 l

174 4220 386 4228 ———.—--—

243 4280 262 4345 ¹)
281 4278 309 4331 in
330 4279 492 4334 Commentt.
514 4279 548 4333 de
568 4278 669 4334 Suidae
688 4279 778 4333 lexico
798 4296 857 4348 cap.
879 4281 936 4333 14.

242 4367 262 4431 ²)
282 4369 353 4435 quod
372 4367 520 4422 uidebatur
539 4367 724 4422 Valckenario
744 4369 779 4421 ad
799 4368 937 4422 Theocrit.
957 4386 983 4437 p.
1005 4370 1064 4423 297.

242 4455 262 4525 ³)
281 4457 459 4527 Prolcgomm.
480 4458 515 4512 ad
535 4458 670 4512 Zonaram
690 4474 734 4528 pg.
754 4458 826 4512 LIII.
