2978 5114
169 384 211 448 es
586 420 626 427 -
676 381 771 464 [ara]
818 419 859 428 -

416 577 451 643 S:
1015 577 1086 641 V6:

172 684 207 750 δὲ
226 679 519 766 φιλοοτέφανός
539 702 574 749 σε
593 680 700 770 φιλή-
783 680 978 767 στέφανός
996 702 1031 749 σε
1046 679 1206 770 νικήσει.
1227 682 1306 766 λε’γει

172 810 224 874 οη.
236 791 262 878 ¹)
311 791 397 875 λέγει
435 791 470 856 δὲ
507 782 612 856 αὐτὸν
648 813 701 855 το-
783 791 819 856 δὲ
843 783 947 856 αὐτὸν
965 799 1113 857 τοσαῦτα
1131 785 1307 876 νικήσαντα

172 906 276 963 σαῦτα
320 894 503 984 νικήσαντα
543 896 702 984 μηδέπω
781 898 977 983 μηδέποτε
1001 903 1205 985 τετιμῆσθαι.

170 1011 374 1092 τετιμῆσθαι.
740 1003 743 1110 γ

260 1130 328 1208 Quo
356 1131 388 1193 in
411 1130 532 1195 Cratini
559 1131 690 1216 uersu2)
714 1128 895 1206 Dindorfius
921 1125 1043 1215 φιλήση
1067 1151 1105 1195 ex
1128 1129 1226 1195 Suida
1247 1151 1310 1195 cor-

171 1239 261 1315 rexit,
283 1233 505 1323 μηδεπώποτε
528 1245 633 1302 autem
657 1237 790 1302 fortasse
813 1238 1013 1303 scribendum
1036 1259 1103 1301 esse
1122 1259 1160 1302 ex
1177 1235 1310 1322 μηδέπω

172 1345 287 1409 Suidae
311 1351 343 1409 et
365 1344 531 1431 μηδέποτε
557 1342 634 1409 W
653 1345 816 1428 scripturis
836 1345 1021 1409 Duebnerus
1040 1345 1181 1410 coniecit.

260 1451 310 1516 Ad
342 1475 368 1517 v.
399 1453 462 1518 826
496 1476 534 1518 ex
566 1453 682 1518 Suidae
714 1476 736 1517 s.
765 1453 805 1535 gl.
838 1455 1066 1517 Μυστιλλᾶται
1098 1453 1312 1517 adnotatione:

171 1551 273 1635 Ἰδίοος
302 1559 337 1623 δὲ
364 1561 504 1646 μυστίλη
536 1559 665 1644 λέγεται
693 1551 711 1625 ὁ
741 1552 841 1645 ἄρτος
869 1551 887 1624 ὁ
916 1572 986 1636 τοῖς
1009 1560 1086 1624 κυσὶ
1112 1554 1313 1643 βαλλόμενος

173 1667 314 1732 codicum
333 1666 391 1730 Vo
408 1667 589 1750 μυστίλλον
608 1690 627 1732 a
645 1667 814 1732 Duebnero
834 1668 867 1731 in
884 1668 1046 1752 μυστίλην
1065 1673 1241 1731 correctum
1260 1673 1312 1730 est.

262 1773 312 1837 Ad
335 1796 361 1838 v.
382 1775 444 1838 857
470 1796 527 1856 pro
551 1775 693 1839 codicum
719 1773 777 1839 V&
799 1774 907 1840 uerbis
931 1766 972 1839 δι’
997 1763 1046 1838 οἷν
1071 1773 1264 1854 εἰσέβαλλον
1284 1769 1314 1838 οἱ

172 1880 326 1965 πολέμιοι
346 1881 459 1946 δείσειε
484 1883 587 1946 nescio
611 1903 652 1945 an
675 1883 792 1946 rectius
816 1880 1035 1947 subministret
1059 1873 1101 1946 δι’
1121 1870 1170 1944 οἷν
1190 1876 1314 1961 εἰσβάλ-

173 1993 291 2054 λουσιν
315 1986 361 2065 εἰς
383 1979 444 2073 τὴν
468 1987 640 2072 πολεμίαν.

262 2094 341 2159 Item
370 2117 393 2159 s.
416 2096 456 2177 gl.
490 2091 631 2172 Φαεινός
659 2097 700 2161 ad
728 2119 754 2161 v.
781 2096 866 2161 1256
895 2096 1012 2161 Suidae
1039 2096 1138 2161 uerba
1167 2087 1314 2181 φανερὰ

172 2209 301 2267 ποιῶν
320 2194 362 2266 τὰ
385 2198 561 2286 πράγματα
585 2208 617 2268 et
639 2195 659 2289 ἢ
684 2195 926 2286 οῗποφαίνειν
951 2193 971 2268 ὅ
995 2201 1064 2268 ε’·στι
1089 2217 1315 2285 συκοφαντεῖν

173 2309 381 2393 praeferenda
407 2310 555 2374 uidentur
584 2311 725 2376 codicum
751 2309 809 2375 Ve
833 2313 1007 2394 scripturae
1032 2317 1315 2396 φανεροποιῶν

173 2408 215 2480 τὰ
242 2411 418 2502 πράγματα
446 2422 478 2480 et
501 2408 521 2504 ἢ
545 2409 622 2482 ἀπὸ
646 2424 718 2482 τοῦ
742 2417 916 2499 φαίνειν,
945 2408 1057 2483 ὅέστι
1082 2429 1314 2498 συκοφαντεῖν.

260 2524 312 2587 Ad
344 2546 370 2588 v.
407 2524 490 2588 1293
524 2519 677 2610 σιτοβύης
709 2522 890 2590 Dindorfius
923 2525 1059 2591 correxit
1091 2546 1129 2589 ex
1163 2519 1315 2610 σιτούνης

175 2637 303 2695 auctore
327 2630 425 2695 Suida
447 2653 470 2696 s.
494 2632 535 2714 gl.
557 2627 679 2718 Σιπύη.

699 2921 719 2998 ξ
744 2919 795 2984 30.

264 3076 389 3155 Restat,
416 3083 453 3141 ut
482 3099 534 3143 eos
561 3078 719 3161 proferam
748 3078 863 3144 Suidae
890 3079 986 3156 locos,
1014 3078 1129 3162 quibus
1156 3102 1240 3145 noua
1266 3079 1314 3144 uel

176 3183 317 3248 auctiora
340 3184 460 3248 scholia
483 3185 694 3263 inueniuntur,
717 3208 797 3270 quae
820 3208 882 3251 non
906 3186 990 3270 ipsas
1008 3185 1128 3268 glossas
1150 3207 1314 3270 earumque

177 3291 400 3373 explicationes
423 3293 680 3375 complectantur,
702 3295 757 3358 sed
781 3300 837 3359 aut
860 3292 901 3358 ad
918 3293 1019 3377 ipsam
1037 3292 1225 3359 histrionum
1245 3295 1314 3359 cho·

176 3396 265 3480 rique
296 3400 452 3463 actionem
482 3401 664 3482 pertineant
695 3408 752 3466 aut
783 3401 816 3464 in
849 3401 1042 3483 explicandis
1074 3400 1314 3486 antiquitatibus

176 3505 291 3570 Atticis
315 3512 370 3570 aut
393 3507 425 3568 in
448 3506 547 3576 rebus,
567 3507 779 3591 biographicis
802 3514 858 3572 aut
881 3507 1034 3572 similibus
1057 3515 1233 3574 uersentur.

266 3611 379 3694 ltaque
398 3614 570 3678 auctiorem
589 3615 700 3679 scholii
719 3615 851 3679 formam
871 3614 1089 3680 subministrat
1104 3615 1218 3680 Suidas
1236 3638 1258 3681 s.
1277 3615 1312 3697 gl.

176 3721 353 3806 Σιβυλλιᾷς
382 3720 530 3785 exhibitis
558 3722 641 3785 enim
666 3723 710 3786 eis
736 3722 859 3805 glossae
882 3722 1155 3806 explicationibuS,
1183 3745 1262 3807 quae
1285 3729 1312 3786 et

176 3826 264 3910 ipsae
289 3825 323 3889 in
351 3828 510 3892 codicibus
534 3828 774 3911 Aristophaneis
801 3835 992 3913 comparent,
1018 3837 1091 3913 post
1116 3853 1243 3895 uersum
1269 3829 1311 3913 ip

177 3956 246 3997 sum
274 3935 313 3998 61
343 3935 422 3999 haec
449 3936 552 3999 addit:
584 3928 604 4021 ἢ
628 3926 749 4013 οὕτως·
776 3938 972 4023 χρησμῳδεῖ,
999 3939 1111 4023 φησὶν,
1140 3934 1310 4024 ἐπειδήπερ

179 4032 240 4127 τὴν
263 4043 476 4127 προθεσμίαν
499 4050 558 4129 τῆς
580 4041 773 4127 ἐπαγγελίας
796 4035 859 4108 οὐκ
887 4040 1065 4127 ἐψεύσατο,
1093 4037 1165 4110 ἀλλ’
1188 4043 1224 4109 ἒν
1247 4057 1311 4117 ταῖς

179 4147 305 4213 είκοσιν
329 4139 476 4234 ἡμέραις,
505 4137 543 4226 ἃς
571 4147 800 4236 ἐπηγγείλατο,
831 4142 911 4226 τοὺς
939 4151 1223 4235 Λακεδαιμονίους
1250 4149 1309 4233 αἰγ-

252 4353 271 4416 ¹)
290 4347 403 4421 φιλήσει
422 4353 478 4408 VB.

251 4440 270 4503 ί)
290 4441 324 4495 cf.
344 4442 475 4496 Meineke
494 4441 589 4511 fragm.
611 4443 710 4498 Comic.
732 4443 744 4496 Ι
763 4460 807 4512 pg.
826 4445 886 4498 222.
