<?xml version="1.0" encoding="UTF-8"?>
<!DOCTYPE html PUBLIC "-//W3C//DTD XHTML 1.0 Transitional//EN"
    "http://www.w3.org/TR/xhtml1/DTD/xhtml1-transitional.dtd">
<html xmlns="http://www.w3.org/1999/xhtml" xml:lang="en" lang="en">
 <head>
  <title>
</title>
<meta http-equiv="Content-Type" content="text/html;charset=utf-8" />
  <meta name='ocr-system' content='tesseract 3.04.00' />
  <meta name='ocr-capabilities' content='ocr_page ocr_carea ocr_par ocr_line ocrx_word'/>
</head>
<body>
  <div class='ocr_page' id='page_1' title='image "./dearistophanise00bngoog_0033.png"; bbox 0 0 2978 5114; ppageno 0'>
   <div class='ocr_carea' id='block_1_1' title="bbox 151 788 1317 3669">
    <p class='ocr_par' dir='ltr' id='par_1_1' title="bbox 170 788 1317 1622">
     <span class='ocr_line' id='line_1_1' title="bbox 259 788 1316 874; baseline -0.007 -18"><span class='ocrx_word' id='word_1_1' title='bbox 259 791 370 856; x_wconf 88' lang='lat' dir='ltr'>Restat</span> <span class='ocrx_word' id='word_1_2' title='bbox 397 797 432 854; x_wconf 92' lang='lat' dir='ltr'>ut</span> <span class='ocrx_word' id='word_1_3' title='bbox 460 792 499 854; x_wconf 94' lang='lat' dir='ltr'>de</span> <span class='ocrx_word' id='word_1_4' title='bbox 530 791 668 874; x_wconf 89' lang='lat' dir='ltr'>propriis</span> <span class='ocrx_word' id='word_1_5' title='bbox 701 788 817 854; x_wconf 88' lang='lat' dir='ltr'>Suidae</span> <span class='ocrx_word' id='word_1_6' title='bbox 844 790 948 864; x_wconf 91' lang='lat' dir='ltr'>uitiis,</span> <span class='ocrx_word' id='word_1_7' title='bbox 981 809 1061 872; x_wconf 89' lang='lat' dir='ltr'>quae</span> <span class='ocrx_word' id='word_1_8' title='bbox 1089 788 1160 870; x_wconf 89' lang='lat' dir='ltr'>plus</span> <span class='ocrx_word' id='word_1_9' title='bbox 1189 792 1316 850; x_wconf 90' lang='lat' dir='ltr'>centum</span> 
     </span>
     <span class='ocr_line' id='line_1_2' title="bbox 173 893 1317 981; baseline -0.005 -19"><span class='ocrx_word' id='word_1_10' title='bbox 173 905 205 962; x_wconf 89' lang='lat' dir='ltr'>et</span> <span class='ocrx_word' id='word_1_11' title='bbox 231 898 345 981; x_wconf 92' lang='lat' dir='ltr'>uiginti</span> <span class='ocrx_word' id='word_1_12' title='bbox 372 898 405 960; x_wconf 93' lang='lat' dir='ltr'>in</span> <span class='ocrx_word' id='word_1_13' title='bbox 429 897 581 980; x_wconf 87' lang='lat' dir='ltr'>Equitum</span> <span class='ocrx_word' id='word_1_14' title='bbox 607 896 715 960; x_wconf 88' lang='lat' dir='ltr'>fabula</span> <span class='ocrx_word' id='word_1_15' title='bbox 738 902 918 971; x_wconf 90' lang='lat' dir='ltr'>occurrunt,</span> <span class='ocrx_word' id='word_1_16' title='bbox 946 897 1126 960; x_wconf 72' lang='lat' dir='ltr'>disseratur.</span> <span class='ocrx_word' id='word_1_17' title='bbox 1174 893 1317 971; x_wconf 82' lang='lat' dir='ltr'>Quarum</span> 
     </span>
     <span class='ocr_line' id='line_1_3' title="bbox 172 1002 1316 1086; baseline -0.005 -16"><span class='ocrx_word' id='word_1_18' title='bbox 172 1004 235 1070; x_wconf 91' lang='lat' dir='ltr'>tria</span> <span class='ocrx_word' id='word_1_19' title='bbox 261 1012 334 1068; x_wconf 89' lang='lat' dir='ltr'>sunt</span> <span class='ocrx_word' id='word_1_20' title='bbox 361 1002 567 1069; x_wconf 84' lang='lat' dir='ltr'>discernenda</span> <span class='ocrx_word' id='word_1_21' title='bbox 594 1023 723 1086; x_wconf 86' lang='lat' dir='ltr'>genera:</span> <span class='ocrx_word' id='word_1_22' title='bbox 751 1004 888 1086; x_wconf 88' lang='lat' dir='ltr'>primum</span> <span class='ocrx_word' id='word_1_23' title='bbox 916 1024 1023 1067; x_wconf 89' lang='lat' dir='ltr'>earum</span> <span class='ocrx_word' id='word_1_24' title='bbox 1048 1002 1261 1065; x_wconf 79' lang='lat' dir='ltr'><strong>mutationum</strong></span> <span class='ocrx_word' id='word_1_25' title='bbox 1285 1005 1316 1064; x_wconf 90' lang='lat' dir='ltr'>et</span> 
     </span>
     <span class='ocr_line' id='line_1_4' title="bbox 172 1107 1315 1194; baseline -0.004 -18"><span class='ocrx_word' id='word_1_26' title='bbox 172 1111 387 1185; x_wconf 88' lang='lat' dir='ltr'>omissionum,</span> <span class='ocrx_word' id='word_1_27' title='bbox 415 1132 492 1194; x_wconf 86' lang='lat' dir='ltr'>quas</span> <span class='ocrx_word' id='word_1_28' title='bbox 515 1109 628 1176; x_wconf 87' lang='lat' dir='ltr'>Suidas</span> <span class='ocrx_word' id='word_1_29' title='bbox 656 1111 723 1194; x_wconf 92' lang='lat' dir='ltr'>ipse</span> <span class='ocrx_word' id='word_1_30' title='bbox 750 1110 783 1173; x_wconf 91' lang='lat' dir='ltr'>in</span> <span class='ocrx_word' id='word_1_31' title='bbox 812 1109 1005 1192; x_wconf 86' lang='lat' dir='ltr'>excerpendo</span> <span class='ocrx_word' id='word_1_32' title='bbox 1032 1130 1087 1173; x_wconf 90' lang='lat' dir='ltr'>suo</span> <span class='ocrx_word' id='word_1_33' title='bbox 1111 1108 1220 1172; x_wconf 90' lang='lat' dir='ltr'>codiee</span> <span class='ocrx_word' id='word_1_34' title='bbox 1244 1107 1315 1171; x_wconf 86' lang='lat' dir='ltr'>Ari·</span> 
     </span>
     <span class='ocr_line' id='line_1_5' title="bbox 171 1214 1315 1301; baseline -0.003 -20"><span class='ocrx_word' id='word_1_35' title='bbox 171 1217 345 1300; x_wconf 88' lang='lat' dir='ltr'>stophaneo</span> <span class='ocrx_word' id='word_1_36' title='bbox 369 1224 480 1301; x_wconf 90' lang='lat' dir='ltr'>sponte</span> <span class='ocrx_word' id='word_1_37' title='bbox 504 1239 541 1282; x_wconf 88' lang='lat' dir='ltr'>ac</span> <span class='ocrx_word' id='word_1_38' title='bbox 563 1218 693 1282; x_wconf 88' lang='lat' dir='ltr'>consilio</span> <span class='ocrx_word' id='word_1_39' title='bbox 717 1217 886 1282; x_wconf 79' lang='lat' dir='ltr'>admittere</span> <span class='ocrx_word' id='word_1_40' title='bbox 907 1238 969 1281; x_wconf 92' lang='lat' dir='ltr'>non</span> <span class='ocrx_word' id='word_1_41' title='bbox 987 1214 1155 1291; x_wconf 90' lang='lat' dir='ltr'>dubitauit,</span> <span class='ocrx_word' id='word_1_42' title='bbox 1178 1215 1315 1280; x_wconf 88' lang='lat' dir='ltr'>altemm</span> 
     </span>
     <span class='ocr_line' id='line_1_6' title="bbox 171 1322 1314 1408; baseline -0.002 -20"><span class='ocrx_word' id='word_1_43' title='bbox 171 1345 280 1388; x_wconf 91' lang='lat' dir='ltr'>eorum</span> <span class='ocrx_word' id='word_1_44' title='bbox 307 1346 388 1408; x_wconf 90' lang='lat' dir='ltr'>quae</span> <span class='ocrx_word' id='word_1_45' title='bbox 411 1323 525 1389; x_wconf 89' lang='lat' dir='ltr'>Suidas</span> <span class='ocrx_word' id='word_1_46' title='bbox 548 1323 746 1408; x_wconf 81' lang='lat' dir='ltr'>neglegentia</span> <span class='ocrx_word' id='word_1_47' title='bbox 769 1331 824 1388; x_wconf 86' lang='lat' dir='ltr'>aut</span> <span class='ocrx_word' id='word_1_48' title='bbox 847 1324 1007 1388; x_wconf 88' lang='lat' dir='ltr'>oculorum</span> <span class='ocrx_word' id='word_1_49' title='bbox 1034 1343 1138 1387; x_wconf 89' lang='lat' dir='ltr'>errore</span> <span class='ocrx_word' id='word_1_50' title='bbox 1162 1322 1314 1405; x_wconf 89' lang='lat' dir='ltr'>peccauit,</span> 
     </span>
     <span class='ocr_line' id='line_1_7' title="bbox 171 1428 1314 1514; baseline -0.003 -19"><span class='ocrx_word' id='word_1_51' title='bbox 171 1431 300 1495; x_wconf 91' lang='lat' dir='ltr'>tertium</span> <span class='ocrx_word' id='word_1_52' title='bbox 327 1453 435 1503; x_wconf 85' lang='lat' dir='ltr'>earum</span> <span class='ocrx_word' id='word_1_53' title='bbox 462 1431 723 1514; x_wconf 83' lang='lat' dir='ltr'>corruptelarum,</span> <span class='ocrx_word' id='word_1_54' title='bbox 756 1452 837 1514; x_wconf 90' lang='lat' dir='ltr'>quae</span> <span class='ocrx_word' id='word_1_55' title='bbox 864 1430 1002 1496; x_wconf 87' lang='lat' dir='ltr'>incuriae</span> <span class='ocrx_word' id='word_1_56' title='bbox 1029 1428 1232 1494; x_wconf 87' lang='lat' dir='ltr'>librariorum</span> <span class='ocrx_word' id='word_1_57' title='bbox 1261 1429 1314 1492; x_wconf 92' lang='lat' dir='ltr'>de-</span> 
     </span>
     <span class='ocr_line' id='line_1_8' title="bbox 170 1536 1179 1622; baseline -0.004 -20"><span class='ocrx_word' id='word_1_58' title='bbox 170 1536 295 1615; x_wconf 90' lang='lat' dir='ltr'>bentur,</span> <span class='ocrx_word' id='word_1_59' title='bbox 318 1538 373 1622; x_wconf 91' lang='lat' dir='ltr'>qui</span> <span class='ocrx_word' id='word_1_60' title='bbox 397 1537 520 1603; x_wconf 86' lang='lat' dir='ltr'>codices</span> <span class='ocrx_word' id='word_1_61' title='bbox 542 1536 636 1602; x_wconf 85' lang='lat' dir='ltr'>lexici</span> <span class='ocrx_word' id='word_1_62' title='bbox 659 1536 790 1602; x_wconf 88' lang='lat' dir='ltr'>Suidani</span> <span class='ocrx_word' id='word_1_63' title='bbox 813 1544 947 1603; x_wconf 89' lang='lat' dir='ltr'>nostros·</span> <span class='ocrx_word' id='word_1_64' title='bbox 961 1543 1179 1601; x_wconf 88' lang='lat' dir='ltr'>exarauerunt.</span> 
     </span>
    </p>

    <p class='ocr_par' dir='ltr' id='par_1_2' title="bbox 170 1643 1313 3215">
     <span class='ocr_line' id='line_1_9' title="bbox 259 1643 1313 1728; baseline -0.003 -19"><span class='ocrx_word' id='word_1_65' title='bbox 259 1646 306 1709; x_wconf 90' lang='lat' dir='ltr'>Ac</span> <span class='ocrx_word' id='word_1_66' title='bbox 327 1645 463 1728; x_wconf 89' lang='lat' dir='ltr'>primurn</span> <span class='ocrx_word' id='word_1_67' title='bbox 481 1644 607 1728; x_wconf 92' lang='lat' dir='ltr'>quidem</span> <span class='ocrx_word' id='word_1_68' title='bbox 627 1666 696 1710; x_wconf 91' lang='lat' dir='ltr'>cum</span> <span class='ocrx_word' id='word_1_69' title='bbox 716 1649 791 1721; x_wconf 89' lang='lat' dir='ltr'>eius,</span> <span class='ocrx_word' id='word_1_70' title='bbox 810 1645 864 1728; x_wconf 89' lang='lat' dir='ltr'>qui</span> <span class='ocrx_word' id='word_1_71' title='bbox 884 1644 977 1708; x_wconf 87' lang='lat' dir='ltr'>huius</span> <span class='ocrx_word' id='word_1_72' title='bbox 995 1644 1089 1709; x_wconf 86' lang='lat' dir='ltr'>lexici</span> <span class='ocrx_word' id='word_1_73' title='bbox 1107 1643 1313 1708; x_wconf 86' lang='lat' dir='ltr'>fundamenta</span> 
     </span>
     <span class='ocr_line' id='line_1_10' title="bbox 171 1749 1312 1833; baseline -0.003 -18"><span class='ocrx_word' id='word_1_74' title='bbox 171 1752 259 1828; x_wconf 89' lang='lat' dir='ltr'>iecit,</span> <span class='ocrx_word' id='word_1_75' title='bbox 291 1753 323 1816; x_wconf 94' lang='lat' dir='ltr'>id</span> <span class='ocrx_word' id='word_1_76' title='bbox 350 1751 485 1815; x_wconf 86' lang='lat' dir='ltr'>maxime</span> <span class='ocrx_word' id='word_1_77' title='bbox 514 1753 690 1827; x_wconf 83' lang='lat' dir='ltr'>interesset,</span> <span class='ocrx_word' id='word_1_78' title='bbox 722 1757 758 1815; x_wconf 91' lang='lat' dir='ltr'>ut</span> <span class='ocrx_word' id='word_1_79' title='bbox 786 1773 878 1817; x_wconf 91' lang='lat' dir='ltr'>uoces</span> <span class='ocrx_word' id='word_1_80' title='bbox 906 1751 1202 1832; x_wconf 90' lang='lat' dir='ltr'>enuntiationesque</span> <span class='ocrx_word' id='word_1_81' title='bbox 1230 1749 1312 1833; x_wconf 91' lang='lat' dir='ltr'>apud</span> 
     </span>
     <span class='ocr_line' id='line_1_11' title="bbox 171 1849 1312 1941; baseline -0.003 -19"><span class='ocrx_word' id='word_1_82' title='bbox 171 1857 318 1941; x_wconf 88' lang='lat' dir='ltr'>aequales</span> <span class='ocrx_word' id='word_1_83' title='bbox 341 1879 413 1922; x_wconf 88' lang='lat' dir='ltr'>suos</span> <span class='ocrx_word' id='word_1_84' title='bbox 436 1857 605 1923; x_wconf 85' lang='lat' dir='ltr'>inusitatas</span> <span class='ocrx_word' id='word_1_85' title='bbox 629 1849 841 1941; x_wconf 83' lang='lat' dir='ltr'>exemplorum</span> <span class='ocrx_word' id='word_1_86' title='bbox 869 1858 960 1941; x_wconf 90' lang='lat' dir='ltr'>copia</span> <span class='ocrx_word' id='word_1_87' title='bbox 982 1879 1021 1922; x_wconf 86' lang='lat' dir='ltr'>ex</span> <span class='ocrx_word' id='word_1_88' title='bbox 1044 1859 1141 1922; x_wconf 91' lang='lat' dir='ltr'>uariis</span> <span class='ocrx_word' id='word_1_89' title='bbox 1164 1858 1312 1921; x_wconf 86' lang='lat' dir='ltr'>maxime·</span> 
     </span>
     <span class='ocr_line' id='line_1_12' title="bbox 171 1963 1311 2048; baseline -0.003 -19"><span class='ocrx_word' id='word_1_90' title='bbox 171 1986 232 2048; x_wconf 92' lang='lat' dir='ltr'>que</span> <span class='ocrx_word' id='word_1_91' title='bbox 254 1965 369 2029; x_wconf 86' lang='lat' dir='ltr'>Atticis</span> <span class='ocrx_word' id='word_1_92' title='bbox 393 1964 600 2048; x_wconf 81' lang='lat' dir='ltr'>scriptoribus</span> <span class='ocrx_word' id='word_1_93' title='bbox 624 1966 790 2048; x_wconf 91' lang='lat' dir='ltr'>desumpta</span> <span class='ocrx_word' id='word_1_94' title='bbox 812 1965 996 2041; x_wconf 88' lang='lat' dir='ltr'>illustraret,</span> <span class='ocrx_word' id='word_1_95' title='bbox 1018 1965 1059 2029; x_wconf 93' lang='lat' dir='ltr'>ad</span> <span class='ocrx_word' id='word_1_96' title='bbox 1082 1963 1157 2030; x_wconf 90' lang='lat' dir='ltr'>talis</span> <span class='ocrx_word' id='word_1_97' title='bbox 1180 1964 1311 2046; x_wconf 85' lang='lat' dir='ltr'>scripto-</span> 
     </span>
     <span class='ocr_line' id='line_1_13' title="bbox 170 2070 1312 2155; baseline -0.001 -21"><span class='ocrx_word' id='word_1_98' title='bbox 170 2072 215 2136; x_wconf 91' lang='lat' dir='ltr'>ris</span> <span class='ocrx_word' id='word_1_99' title='bbox 241 2071 293 2135; x_wconf 92' lang='lat' dir='ltr'>uel</span> <span class='ocrx_word' id='word_1_100' title='bbox 320 2072 533 2155; x_wconf 83' lang='lat' dir='ltr'>compilatoris</span> <span class='ocrx_word' id='word_1_101' title='bbox 561 2072 818 2136; x_wconf 89' lang='lat' dir='ltr'>consuetudinem</span> <span class='ocrx_word' id='word_1_102' title='bbox 845 2071 1044 2154; x_wconf 91' lang='lat' dir='ltr'>indolemque</span> <span class='ocrx_word' id='word_1_103' title='bbox 1073 2070 1212 2153; x_wconf 89' lang='lat' dir='ltr'>perbene</span> <span class='ocrx_word' id='word_1_104' title='bbox 1238 2091 1312 2153; x_wconf 81' lang='lat' dir='ltr'>qua</span> 
     </span>
     <span class='ocr_line' id='line_1_14' title="bbox 171 2177 1312 2261; baseline -0.002 -19"><span class='ocrx_word' id='word_1_105' title='bbox 171 2179 244 2242; x_wconf 88' lang='lat' dir='ltr'>drat</span> <span class='ocrx_word' id='word_1_106' title='bbox 270 2179 354 2260; x_wconf 91' lang='lat' dir='ltr'>quod</span> <span class='ocrx_word' id='word_1_107' title='bbox 382 2200 441 2242; x_wconf 92' lang='lat' dir='ltr'>nec</span> <span class='ocrx_word' id='word_1_108' title='bbox 467 2179 623 2242; x_wconf 91' lang='lat' dir='ltr'>rationem</span> <span class='ocrx_word' id='word_1_109' title='bbox 649 2177 761 2241; x_wconf 91' lang='lat' dir='ltr'>habuit</span> <span class='ocrx_word' id='word_1_110' title='bbox 788 2178 894 2261; x_wconf 88' lang='lat' dir='ltr'>legum</span> <span class='ocrx_word' id='word_1_111' title='bbox 921 2178 1123 2242; x_wconf 83' lang='lat' dir='ltr'>metricorum</span> <span class='ocrx_word' id='word_1_112' title='bbox 1146 2200 1225 2261; x_wconf 90' lang='lat' dir='ltr'>quas</span> <span class='ocrx_word' id='word_1_113' title='bbox 1248 2178 1312 2260; x_wconf 89' lang='lat' dir='ltr'>ipse</span> 
     </span>
     <span class='ocr_line' id='line_1_15' title="bbox 170 2284 1310 2368; baseline 0 -21"><span class='ocrx_word' id='word_1_114' title='bbox 170 2284 225 2347; x_wconf 86' lang='lat' dir='ltr'>uix</span> <span class='ocrx_word' id='word_1_115' title='bbox 246 2291 379 2349; x_wconf 91' lang='lat' dir='ltr'>nouerat</span> <span class='ocrx_word' id='word_1_116' title='bbox 401 2307 459 2349; x_wconf 92' lang='lat' dir='ltr'>nec</span> <span class='ocrx_word' id='word_1_117' title='bbox 482 2284 622 2350; x_wconf 90' lang='lat' dir='ltr'>seruauit</span> <span class='ocrx_word' id='word_1_118' title='bbox 645 2285 865 2368; x_wconf 87' lang='lat' dir='ltr'>ordinemque</span> <span class='ocrx_word' id='word_1_119' title='bbox 893 2285 978 2367; x_wconf 90' lang='lat' dir='ltr'>apud</span> <span class='ocrx_word' id='word_1_120' title='bbox 1002 2285 1195 2368; x_wconf 87' lang='lat' dir='ltr'>scriptorem,</span> <span class='ocrx_word' id='word_1_121' title='bbox 1223 2306 1310 2368; x_wconf 92' lang='lat' dir='ltr'>quem</span> 
     </span>
     <span class='ocr_line' id='line_1_16' title="bbox 171 2389 1311 2474; baseline -0.001 -20"><span class='ocrx_word' id='word_1_122' title='bbox 171 2390 332 2473; x_wconf 85' lang='lat' dir='ltr'>expilauit,</span> <span class='ocrx_word' id='word_1_123' title='bbox 354 2391 454 2456; x_wconf 92' lang='lat' dir='ltr'>uerba</span> <span class='ocrx_word' id='word_1_124' title='bbox 477 2389 638 2467; x_wconf 85' lang='lat' dir='ltr'>extabant,</span> <span class='ocrx_word' id='word_1_125' title='bbox 660 2412 719 2455; x_wconf 90' lang='lat' dir='ltr'>nec</span> <span class='ocrx_word' id='word_1_126' title='bbox 741 2392 880 2474; x_wconf 90' lang='lat' dir='ltr'>pepercit</span> <span class='ocrx_word' id='word_1_127' title='bbox 903 2391 979 2474; x_wconf 89' lang='lat' dir='ltr'>ipsis</span> <span class='ocrx_word' id='word_1_128' title='bbox 999 2391 1106 2457; x_wconf 89' lang='lat' dir='ltr'>uerbis</span> <span class='ocrx_word' id='word_1_129' title='bbox 1124 2393 1180 2456; x_wconf 92' lang='lat' dir='ltr'>sed</span> <span class='ocrx_word' id='word_1_130' title='bbox 1198 2397 1311 2457; x_wconf 89' lang='lat' dir='ltr'>temere</span> 
     </span>
     <span class='ocr_line' id='line_1_17' title="bbox 170 2488 1310 2582; baseline 0 -21"><span class='ocrx_word' id='word_1_131' title='bbox 170 2498 320 2575; x_wconf 88' lang='lat' dir='ltr'>mutauit,</span> <span class='ocrx_word' id='word_1_132' title='bbox 355 2500 381 2563; x_wconf 92' lang='lat' dir='ltr'>si</span> <span class='ocrx_word' id='word_1_133' title='bbox 414 2521 477 2580; x_wconf 91' lang='lat' dir='ltr'>qua</span> <span class='ocrx_word' id='word_1_134' title='bbox 505 2488 677 2562; x_wconf 69' lang='lat' dir='ltr'>¹uerborum</span> <span class='ocrx_word' id='word_1_135' title='bbox 709 2499 894 2582; x_wconf 89' lang='lat' dir='ltr'>compositio</span> <span class='ocrx_word' id='word_1_136' title='bbox 922 2505 1059 2563; x_wconf 90' lang='lat' dir='ltr'>mentem</span> <span class='ocrx_word' id='word_1_137' title='bbox 1086 2499 1184 2582; x_wconf 90' lang='lat' dir='ltr'>ipsius</span> <span class='ocrx_word' id='word_1_138' title='bbox 1211 2504 1310 2562; x_wconf 88' lang='lat' dir='ltr'>trans·</span> 
     </span>
     <span class='ocr_line' id='line_1_18' title="bbox 170 2605 1310 2690; baseline 0 -22"><span class='ocrx_word' id='word_1_139' title='bbox 170 2605 388 2686; x_wconf 88' lang='lat' dir='ltr'>grediebatur,</span> <span class='ocrx_word' id='word_1_140' title='bbox 426 2606 518 2670; x_wconf 91' lang='lat' dir='ltr'>eiecit</span> <span class='ocrx_word' id='word_1_141' title='bbox 554 2607 582 2669; x_wconf 92' lang='lat' dir='ltr'>si</span> <span class='ocrx_word' id='word_1_142' title='bbox 618 2626 699 2688; x_wconf 91' lang='lat' dir='ltr'>quae</span> <span class='ocrx_word' id='word_1_143' title='bbox 730 2606 831 2670; x_wconf 88' lang='lat' dir='ltr'>uerba</span> <span class='ocrx_word' id='word_1_144' title='bbox 863 2607 923 2690; x_wconf 92' lang='lat' dir='ltr'>ipsi</span> <span class='ocrx_word' id='word_1_145' title='bbox 955 2606 1081 2670; x_wconf 90' lang='lat' dir='ltr'>inutilia</span> <span class='ocrx_word' id='word_1_146' title='bbox 1114 2606 1310 2680; x_wconf 88' lang='lat' dir='ltr'>uidebantur,</span> 
     </span>
     <span class='ocr_line' id='line_1_19' title="bbox 171 2711 1310 2796; baseline -0.001 -20"><span class='ocrx_word' id='word_1_147' title='bbox 171 2733 292 2776; x_wconf 89' lang='lat' dir='ltr'>summa</span> <span class='ocrx_word' id='word_1_148' title='bbox 314 2712 451 2794; x_wconf 91' lang='lat' dir='ltr'>denique</span> <span class='ocrx_word' id='word_1_149' title='bbox 479 2718 510 2776; x_wconf 90' lang='lat' dir='ltr'>et</span> <span class='ocrx_word' id='word_1_150' title='bbox 537 2711 667 2777; x_wconf 92' lang='lat' dir='ltr'>licentia</span> <span class='ocrx_word' id='word_1_151' title='bbox 693 2718 725 2776; x_wconf 90' lang='lat' dir='ltr'>et</span> <span class='ocrx_word' id='word_1_152' title='bbox 752 2713 952 2796; x_wconf 84' lang='lat' dir='ltr'>neglegentia</span> <span class='ocrx_word' id='word_1_153' title='bbox 974 2714 1007 2778; x_wconf 92' lang='lat' dir='ltr'>in</span> <span class='ocrx_word' id='word_1_154' title='bbox 1031 2714 1234 2796; x_wconf 85' lang='lat' dir='ltr'>excerpendis</span> <span class='ocrx_word' id='word_1_155' title='bbox 1257 2713 1310 2777; x_wconf 91' lang='lat' dir='ltr'>eli-</span> 
     </span>
     <span class='ocr_line' id='line_1_20' title="bbox 171 2818 1311 2903; baseline 0.001 -22"><span class='ocrx_word' id='word_1_156' title='bbox 171 2819 342 2902; x_wconf 90' lang='lat' dir='ltr'>gendisque</span> <span class='ocrx_word' id='word_1_157' title='bbox 366 2824 479 2901; x_wconf 87' lang='lat' dir='ltr'>poetae</span> <span class='ocrx_word' id='word_1_158' title='bbox 501 2818 606 2883; x_wconf 86' lang='lat' dir='ltr'>uerbis</span> <span class='ocrx_word' id='word_1_159' title='bbox 629 2840 703 2883; x_wconf 89' lang='lat' dir='ltr'>usus</span> <span class='ocrx_word' id='word_1_160' title='bbox 726 2827 782 2884; x_wconf 87' lang='lat' dir='ltr'>est.</span> <span class='ocrx_word' id='word_1_161' title='bbox 832 2819 909 2883; x_wconf 91' lang='lat' dir='ltr'>Pars</span> <span class='ocrx_word' id='word_1_162' title='bbox 938 2820 1036 2902; x_wconf 87' lang='lat' dir='ltr'>igitur</span> <span class='ocrx_word' id='word_1_163' title='bbox 1063 2822 1311 2903; x_wconf 87' lang='lat' dir='ltr'>corruptelarum</span> 
     </span>
     <span class='ocr_line' id='line_1_21' title="bbox 171 2923 1309 3009; baseline 0 -21"><span class='ocrx_word' id='word_1_164' title='bbox 171 2926 202 2989; x_wconf 92' lang='lat' dir='ltr'>in</span> <span class='ocrx_word' id='word_1_165' title='bbox 231 2923 348 2990; x_wconf 89' lang='lat' dir='ltr'>Suidae</span> <span class='ocrx_word' id='word_1_166' title='bbox 374 2925 473 2990; x_wconf 85' lang='lat' dir='ltr'>lexico</span> <span class='ocrx_word' id='word_1_167' title='bbox 502 2926 734 2991; x_wconf 89' lang='lat' dir='ltr'>occurrentium</span> <span class='ocrx_word' id='word_1_168' title='bbox 760 2925 875 2991; x_wconf 87' lang='lat' dir='ltr'>Suidae</span> <span class='ocrx_word' id='word_1_169' title='bbox 898 2928 997 3009; x_wconf 88' lang='lat' dir='ltr'>ipsius</span> <span class='ocrx_word' id='word_1_170' title='bbox 1021 2927 1168 2992; x_wconf 90' lang='lat' dir='ltr'>licentiae</span> <span class='ocrx_word' id='word_1_171' title='bbox 1192 2926 1309 2992; x_wconf 91' lang='lat' dir='ltr'>crimini</span> 
     </span>
     <span class='ocr_line' id='line_1_22' title="bbox 170 3031 1310 3117; baseline 0 -22"><span class='ocrx_word' id='word_1_172' title='bbox 170 3033 325 3096; x_wconf 88' lang='lat' dir='ltr'>uertenda</span> <span class='ocrx_word' id='word_1_173' title='bbox 352 3039 406 3096; x_wconf 88' lang='lat' dir='ltr'>est.</span> <span class='ocrx_word' id='word_1_174' title='bbox 453 3031 639 3097; x_wconf 89' lang='lat' dir='ltr'>Immutasse</span> <span class='ocrx_word' id='word_1_175' title='bbox 671 3037 775 3097; x_wconf 90' lang='lat' dir='ltr'>autem</span> <span class='ocrx_word' id='word_1_176' title='bbox 808 3034 936 3098; x_wconf 91' lang='lat' dir='ltr'>uidetur</span> <span class='ocrx_word' id='word_1_177' title='bbox 967 3033 1080 3099; x_wconf 88' lang='lat' dir='ltr'>Suidas</span> <span class='ocrx_word' id='word_1_178' title='bbox 1108 3034 1177 3117; x_wconf 90' lang='lat' dir='ltr'>ipse</span> <span class='ocrx_word' id='word_1_179' title='bbox 1205 3033 1310 3098; x_wconf 91' lang='lat' dir='ltr'>comici</span> 
     </span>
     <span class='ocr_line' id='line_1_23' title="bbox 170 3137 861 3215; baseline 0.001 -14"><span class='ocrx_word' id='word_1_180' title='bbox 170 3137 278 3215; x_wconf 88' lang='lat' dir='ltr'>uerba,</span> <span class='ocrx_word' id='word_1_181' title='bbox 301 3157 369 3204; x_wconf 89' lang='lat' dir='ltr'>eum</span> <span class='ocrx_word' id='word_1_182' title='bbox 394 3140 546 3205; x_wconf 90' lang='lat' dir='ltr'>scriberet</span> <span class='ocrx_word' id='word_1_183' title='bbox 568 3139 602 3203; x_wconf 89' lang='lat' dir='ltr'>in</span> <span class='ocrx_word' id='word_1_184' title='bbox 624 3162 670 3204; x_wconf 79' lang='lat' dir='ltr'>vv.</span> <span class='ocrx_word' id='word_1_185' title='bbox 695 3139 759 3203; x_wconf 86' lang='lat'>359</span> <span class='ocrx_word' id='word_1_186' title='bbox 784 3141 861 3205; x_wconf 88' lang='lat'>360:</span> 
     </span>
    </p>

    <p class='ocr_par' dir='ltr' id='par_1_3' title="bbox 263 3246 1308 3342">
     <span class='ocr_line' id='line_1_24' title="bbox 263 3246 1308 3342; baseline 0 -23"><span class='ocrx_word' id='word_1_187' title='bbox 263 3246 307 3319; x_wconf 68' lang='lat' dir='ltr'>lt}</span> <span class='ocrx_word' id='word_1_188' title='bbox 328 3255 389 3339; x_wconf 83' lang='grc' dir='ltr'>μὲν</span> <span class='ocrx_word' id='word_1_189' title='bbox 413 3248 496 3320; x_wconf 78' lang='grc' dir='ltr'><em>ἄλλα</em></span> <span class='ocrx_word' id='word_1_190' title='bbox 519 3248 552 3340; x_wconf 76' lang='grc' dir='ltr'>μ’</span> <span class='ocrx_word' id='word_1_191' title='bbox 575 3248 689 3342; x_wconf 78' lang='grc' dir='ltr'><em>ἤρεσε</em></span> <span class='ocrx_word' id='word_1_192' title='bbox 713 3263 783 3319; x_wconf 79' lang='grc' dir='ltr'>τῶν</span> <span class='ocrx_word' id='word_1_193' title='bbox 806 3253 1022 3341; x_wconf 83' lang='grc' dir='ltr'><em>πραγμάτων,</em></span> <span class='ocrx_word' id='word_1_194' title='bbox 1046 3254 1082 3321; x_wconf 72' lang='grc' dir='ltr'>ἓν</span> <span class='ocrx_word' id='word_1_195' title='bbox 1103 3250 1132 3321; x_wconf 87' lang='lat' dir='ltr'>d’</span> <span class='ocrx_word' id='word_1_196' title='bbox 1152 3249 1194 3321; x_wconf 80' lang='lat' dir='ltr'>ed</span> <span class='ocrx_word' id='word_1_197' title='bbox 1212 3272 1308 3340; x_wconf 81' lang='grc' dir='ltr'><em>προσ-</em></span> 
     </span>
    </p>

    <p class='ocr_par' dir='ltr' id='par_1_4' title="bbox 151 3364 1014 3669">
     <span class='ocr_line' id='line_1_25' title="bbox 755 3364 911 3447; baseline 0.006 -20"><span class='ocrx_word' id='word_1_198' title='bbox 755 3364 839 3428; x_wconf 81' lang='grc' dir='ltr'><em>ίεταί</em></span> <span class='ocrx_word' id='word_1_199' title='bbox 862 3387 911 3447; x_wconf 86' lang='grc' dir='ltr'>με,</span> 
     </span>
     <span class='ocr_line' id='line_1_26' title="bbox 151 3458 971 3557; baseline 0.002 -24"><span class='ocrx_word' id='word_1_200' title='bbox 151 3539 155 3547; x_wconf 55' lang='grc'><em>,</em></span> <span class='ocrx_word' id='word_1_201' title='bbox 259 3458 320 3533; x_wconf 83' lang='grc' dir='ltr'>ὅτι</span> <span class='ocrx_word' id='word_1_202' title='bbox 344 3460 394 3545; x_wconf 77' lang='grc' dir='ltr'>ὡς</span> <span class='ocrx_word' id='word_1_203' title='bbox 417 3464 520 3552; x_wconf 80' lang='grc' dir='ltr'><strong><em>μόνος</em></strong></span> <span class='ocrx_word' id='word_1_204' title='bbox 543 3461 605 3535; x_wconf 78' lang='grc' dir='ltr'>τὸν</span> <span class='ocrx_word' id='word_1_205' title='bbox 629 3462 741 3555; x_wconf 76' lang='grc' dir='ltr'><em>ζωμὸν</em></span> <span class='ocrx_word' id='word_1_206' title='bbox 766 3466 971 3557; x_wconf 63' lang='lat' dir='ltr'>deceptione,</span> 
     </span>
     <span class='ocr_line' id='line_1_27' title="bbox 171 3583 1014 3669; baseline 0.002 -22"><span class='ocrx_word' id='word_1_207' title='bbox 171 3604 264 3665; x_wconf 91' lang='lat' dir='ltr'>quem</span> <span class='ocrx_word' id='word_1_208' title='bbox 287 3583 390 3648; x_wconf 91' lang='lat' dir='ltr'>locum</span> <span class='ocrx_word' id='word_1_209' title='bbox 412 3584 535 3648; x_wconf 89' lang='lat' dir='ltr'>codices</span> <span class='ocrx_word' id='word_1_210' title='bbox 558 3585 779 3669; x_wconf 85' lang='lat' dir='ltr'>Aristophanis</span> <span class='ocrx_word' id='word_1_211' title='bbox 803 3587 848 3650; x_wconf 90' lang='lat' dir='ltr'>sic</span> <span class='ocrx_word' id='word_1_212' title='bbox 870 3587 1014 3652; x_wconf 85' lang='lat' dir='ltr'>tradunt:</span> 
     </span>
    </p>
   </div>
   <div class='ocr_carea' id='block_1_2' title="bbox 258 3690 1308 4010">
    <p class='ocr_par' dir='ltr' id='par_1_5' title="bbox 258 3690 1308 4010">
     <span class='ocr_line' id='line_1_28' title="bbox 263 3690 1308 3787; baseline 0.004 -26"><span class='ocrx_word' id='word_1_213' title='bbox 263 3690 307 3761; x_wconf 79' lang='grc' dir='ltr'>Τὰ</span> <span class='ocrx_word' id='word_1_214' title='bbox 329 3698 389 3781; x_wconf 77' lang='grc' dir='ltr'>μὲν</span> <span class='ocrx_word' id='word_1_215' title='bbox 413 3693 497 3763; x_wconf 76' lang='grc' dir='ltr'><em>ἄλλα</em></span> <span class='ocrx_word' id='word_1_216' title='bbox 519 3692 551 3784; x_wconf 84' lang='grc' dir='ltr'>μ’</span> <span class='ocrx_word' id='word_1_217' title='bbox 570 3693 711 3787; x_wconf 79' lang='grc' dir='ltr'><strong><em>ἤρεσας</em></strong></span> <span class='ocrx_word' id='word_1_218' title='bbox 733 3701 873 3786; x_wconf 79' lang='grc' dir='ltr'><em>λέγων,</em></span> <span class='ocrx_word' id='word_1_219' title='bbox 897 3699 934 3766; x_wconf 78' lang='grc' dir='ltr'>ἓν</span> <span class='ocrx_word' id='word_1_220' title='bbox 958 3695 988 3767; x_wconf 86' lang='lat' dir='ltr'>d&#39;</span> <span class='ocrx_word' id='word_1_221' title='bbox 1008 3696 1049 3767; x_wconf 83' lang='lat' dir='ltr'>ed</span> <span class='ocrx_word' id='word_1_222' title='bbox 1067 3703 1241 3787; x_wconf 77' lang='grc' dir='ltr'><em>προσίεταί</em></span> <span class='ocrx_word' id='word_1_223' title='bbox 1262 3725 1308 3787; x_wconf 83' lang='grc' dir='ltr'>με,</span> 
     </span>
     <span class='ocr_line' id='line_1_29' title="bbox 258 3800 1275 3895; baseline 0.004 -27"><span class='ocrx_word' id='word_1_224' title='bbox 258 3811 329 3869; x_wconf 79' lang='grc' dir='ltr'>τῶν</span> <span class='ocrx_word' id='word_1_225' title='bbox 352 3801 567 3890; x_wconf 79' lang='grc' dir='ltr'><em>πραγμάτων,</em></span> <span class='ocrx_word' id='word_1_226' title='bbox 591 3800 664 3894; x_wconf 84' lang='grc' dir='ltr'><em>ὁτιὴ</em></span> <span class='ocrx_word' id='word_1_227' title='bbox 688 3804 792 3891; x_wconf 80' lang='grc' dir='ltr'><em>μόνος</em></span> <span class='ocrx_word' id='word_1_228' title='bbox 815 3803 877 3873; x_wconf 84' lang='grc' dir='ltr'>τὸν</span> <span class='ocrx_word' id='word_1_229' title='bbox 901 3801 1022 3892; x_wconf 76' lang='grc' dir='ltr'><em>ζωμὸν</em></span> <span class='ocrx_word' id='word_1_230' title='bbox 1038 3805 1233 3895; x_wconf 79' lang='grc' dir='ltr'><em>ἐκραφὴσεις</em></span> <span class='ocrx_word' id='word_1_231' title='bbox 1243 3810 1275 3895; x_wconf 87' lang='lat'>¹).</span> 
     </span>
     <span class='ocr_line' id='line_1_30' title="bbox 259 3919 1242 4010; baseline 0.007 -26"><span class='ocrx_word' id='word_1_232' title='bbox 259 3919 297 3984; x_wconf 94' lang='lat' dir='ltr'>In</span> <span class='ocrx_word' id='word_1_233' title='bbox 321 3943 347 3983; x_wconf 89' lang='lat' dir='ltr'>v.</span> <span class='ocrx_word' id='word_1_234' title='bbox 371 3921 434 3984; x_wconf 83' lang='lat'>397</span> <span class='ocrx_word' id='word_1_235' title='bbox 459 3920 481 3986; x_wconf 86' lang='lat' dir='ltr'>S</span> <span class='ocrx_word' id='word_1_236' title='bbox 504 3922 655 4004; x_wconf 89' lang='lat' dir='ltr'>neglectis</span> <span class='ocrx_word' id='word_1_237' title='bbox 679 3926 817 3988; x_wconf 90' lang='lat' dir='ltr'>numeris</span> <span class='ocrx_word' id='word_1_238' title='bbox 839 3946 949 3989; x_wconf 88' lang='lat' dir='ltr'>uersus</span> <span class='ocrx_word' id='word_1_239' title='bbox 972 3925 1080 3991; x_wconf 89' lang='lat' dir='ltr'>cretici</span> <span class='ocrx_word' id='word_1_240' title='bbox 1104 3927 1242 4010; x_wconf 88' lang='lat' dir='ltr'>scripsit:</span> 
     </span>
    </p>
   </div>
   <div class='ocr_carea' id='block_1_3' title="bbox 172 4027 1092 4345">
    <p class='ocr_par' dir='ltr' id='par_1_6' title="bbox 172 4027 1092 4345">
     <span class='ocr_line' id='line_1_31' title="bbox 468 4027 1005 4122; baseline 0.006 -22"><span class='ocrx_word' id='word_1_241' title='bbox 468 4028 501 4100; x_wconf 78' lang='lat' dir='ltr'>‘O</span> <span class='ocrx_word' id='word_1_242' title='bbox 525 4036 560 4101; x_wconf 75' lang='grc' dir='ltr'>δὲ</span> <span class='ocrx_word' id='word_1_243' title='bbox 583 4029 669 4122; x_wconf 80' lang='grc' dir='ltr'><strong><em>πρὸς</em></strong></span> <span class='ocrx_word' id='word_1_244' title='bbox 690 4046 761 4104; x_wconf 85' lang='grc' dir='ltr'>πᾶν</span> <span class='ocrx_word' id='word_1_245' title='bbox 785 4027 1005 4119; x_wconf 75' lang='grc' dir='ltr'><em>ἄναιδὲύεται,</em></span> 
     </span>
     <span class='ocr_line' id='line_1_32' title="bbox 172 4142 1092 4237; baseline 0.003 -31"><span class='ocrx_word' id='word_1_246' title='bbox 172 4149 359 4237; x_wconf 86' lang='lat' dir='ltr'>quaerente</span> <span class='ocrx_word' id='word_1_247' title='bbox 382 4145 416 4235; x_wconf 89' lang='lat' dir='ltr'>in</span> <span class='ocrx_word' id='word_1_248' title='bbox 439 4142 598 4209; x_wconf 90' lang='lat' dir='ltr'>codicibus</span> <span class='ocrx_word' id='word_1_249' title='bbox 622 4144 842 4230; x_wconf 86' lang='lat' dir='ltr'>Aristophanis</span> <span class='ocrx_word' id='word_1_250' title='bbox 866 4147 911 4210; x_wconf 88' lang='lat' dir='ltr'>sic</span> <span class='ocrx_word' id='word_1_251' title='bbox 932 4146 1092 4229; x_wconf 88' lang='lat' dir='ltr'>leguntur:</span> 
     </span>
     <span class='ocr_line' id='line_1_33' title="bbox 386 4247 1015 4345; baseline 0.003 -21"><span class='ocrx_word' id='word_1_252' title='bbox 386 4247 389 4266; x_wconf 56' lang='lat'>⁵</span> <span class='ocrx_word' id='word_1_253' title='bbox 469 4252 520 4336; x_wconf 79' lang='grc' dir='ltr'>Ὡς</span> <span class='ocrx_word' id='word_1_254' title='bbox 544 4260 579 4324; x_wconf 80' lang='grc' dir='ltr'>δὲ</span> <span class='ocrx_word' id='word_1_255' title='bbox 602 4253 687 4345; x_wconf 64' lang='lat' dir='ltr'>nod&amp;</span> <span class='ocrx_word' id='word_1_256' title='bbox 710 4269 780 4326; x_wconf 86' lang='grc' dir='ltr'>πᾶν</span> <span class='ocrx_word' id='word_1_257' title='bbox 804 4254 1015 4327; x_wconf 76' lang='grc' dir='ltr'><em>ἀναιδεύεται</em></span> 
     </span>
    </p>
   </div>
   <div class='ocr_carea' id='block_1_4' title="bbox 173 4378 384 4387">
    <p class='ocr_par' dir='ltr' id='par_1_7' title="bbox 173 4378 384 4387">
     <span class='ocr_line' id='line_1_34' title="bbox 173 4378 384 4387; baseline 0.009 -2"><span class='ocrx_word' id='word_1_258' title='bbox 173 4378 384 4387; x_wconf 69' lang='grc'>--..</span> 
     </span>
    </p>
   </div>
   <div class='ocr_carea' id='block_1_5' title="bbox 243 4452 1023 4526">
    <p class='ocr_par' dir='ltr' id='par_1_8' title="bbox 243 4452 1023 4526">
     <span class='ocr_line' id='line_1_35' title="bbox 243 4452 1023 4526; baseline 0.005 -18"><span class='ocrx_word' id='word_1_259' title='bbox 243 4456 262 4522; x_wconf 86' lang='lat'>¹)</span> <span class='ocrx_word' id='word_1_260' title='bbox 281 4470 348 4509; x_wconf 90' lang='lat' dir='ltr'>corr.</span> <span class='ocrx_word' id='word_1_261' title='bbox 369 4454 517 4509; x_wconf 85' lang='lat' dir='ltr'>Elmsleius</span> <span class='ocrx_word' id='word_1_262' title='bbox 537 4452 701 4526; x_wconf 82' lang='grc' dir='ltr'><strong><em>ἐκροφήσει.</em></strong></span> <span class='ocrx_word' id='word_1_263' title='bbox 1018 4468 1023 4501; x_wconf 72' lang='lat'><strong>¹</strong></span> 
     </span>
    </p>
   </div>
   <div class='ocr_carea' id='block_1_6' title="bbox 0 0 1494 5114">
    <p class='ocr_par' dir='ltr' id='par_1_9' title="bbox 0 0 1494 5114">
     <span class='ocr_line' id='line_1_36' title="bbox 0 0 1494 5114; baseline 0 0"><span class='ocrx_word' id='word_1_264' title='bbox 0 0 1494 5114; x_wconf 95' lang='lat' dir='ltr'> </span> 
     </span>
    </p>
   </div>
  </div>
 </body>
</html>
