2978 5114
168 440 209 503 ιο
605 474 646 482 -
693 436 790 518 [154]
838 474 879 483 -

165 628 383 718 πεπράχαμεν
411 634 561 696 docemur
585 631 715 695 Snidam
745 631 845 712 ipsum
870 629 928 694 has
951 631 995 694 XI
1019 630 1242 713 Aristophanis
1266 633 1311 696 fa-

166 740 258 834 bulps
280 739 440 803 lectitasse
464 738 629 820 ipsumque
654 737 853 818 excerpsisse.
901 737 947 799 lle
969 758 1081 800 uocum
1105 739 1189 803 enim
1211 734 1311 822 πράτ-

166 869 237 910 τειν
269 840 501 928 πραττόμενος
524 849 643 927 πρᾶξις
670 844 756 925 apud
784 844 974 925 Byzantinos
1002 865 1059 908 usu
1088 843 1311 925 Meinckius¹):

169 954 301 1030 TretreS,
328 954 438 1034 inquit,
461 950 587 1032 Prelep.
612 950 657 1013 ad
674 949 829 1031 choptrr.
852 970 904 1031 pp.
927 953 1003 1016 256:
1027 951 1187 1034 κωμῳδοὶ
1208 974 1312 1034 πρατ-

166 1055 304 1143 τόμενοι
337 1062 518 1142 Κρατῖνος,
546 1050 707 1135 Εὔπολις,
740 1051 963 1140 Φερεκράτης,
997 1049 1233 1142 Ἀριστοφάνης
1259 1059 1312 1121 καὶ

167 1163 289 1249 ἕτεροις
307 1162 428 1230 Snidas
446 1186 470 1228 s.
492 1186 519 1226 ν.
539 1155 789 1246 Ἀριστοφάνης·
815 1158 1006 1245 δράματαάὲ
1022 1155 1128 1227 αὐτοῦ
1142 1168 1212 1227 κτλ.
1240 1165 1312 1244 Qni

168 1273 225 1336 bns
240 1271 316 1335 locis
330 1273 410 1351 qnid
423 1266 634 1353 πράττεσθαι
647 1269 804 1350 sipnilicet
819 1289 888 1332 enni
901 1290 948 1331 nie
962 1270 1111 1351 ipnorare
1126 1271 1313 1353 ‹linisseni‘p

168 1377 389 1458 opportnneI.
411 1375 576 1456 Geelins³)
594 1376 649 1438 nir
667 1375 863 1439 clarissimas
882 1376 920 1437 in¹
935 1376 1022 1439 Bitl.
1041 1376 1110 1439 erit.
1131 1375 1190 1440 IV
1198 1397 1253 1458 pp.
1273 1380 1313 1441 20

167 1489 195 1549 et
227 1483 400 1548 Lobeclrins
425 1481 584 1565 Aplaople.
612 1501 668 1563 pp.
699 1483 762 1544 567
792 1487 914 1564 πρᾶξιν
947 1483 985 1544 de
1013 1482 1167 1546 librarent
1189 1483 1314 1547 tectione

168 1595 197 1655 et
219 1589 480 1669 interpretatione
503 1588 568 1651 diei
594 1584 792 1651 ntorrnerant.
839 1587 956 1669 Itaqne
986 1586 1139 1652 Oratinns
1168 1582 1313 1671 ὁπρατ-

168 1690 310 1779 τόμενος
342 1700 387 1759 est
419 1696 510 1759 enias
541 1693 673 1772 fabulae
705 1694 855 1776 lepnntnr
881 1699 910 1757 et
938 1695 1185 1778 eapticantnr4).
1232 1695 1313 1775 Ergo

168 1802 339 1867 infeliciter
365 1803 520 1865 Kusterus
548 1795 765 1883 πεπράχαμεν
792 1801 824 1862 in
854 1793 1040 1885 εὑρήκαμεν
1067 1803 1184 1864 mutari
1208 1801 1313 1864 uoluit.

169 1910 267 1972 lmmo
296 1908 435 1972 dilucide
463 1907 537 1971 hinc
565 1912 699 1988 apparet
726 1904 856 1970 Suidam
885 1908 916 1969 in
945 1907 1109 1971 condendo
1138 1907 1238 1971 lexico
1261 1927 1314 1970 suo

168 2037 260 2079 usum
293 2016 373 2078 esse
388 2014 471 2078 libro
499 2013 714 2094 manuscripto
744 2034 805 2076 non
833 2013 977 2095 pluribus
1006 2034 1100 2097 quam
1123 2035 1204 2096 quae
1227 2013 1315 2076 nobis

170 2123 375 2185 innotuerunt
398 2121 542 2202 integrae
563 2118 784 2201 Aristophanis
809 2118 925 2182 fabulis
944 2119 1107 2184 instructo
1132 2119 1315 2202 Numquae

169 2227 303 2309 sparsim
331 2227 414 2307 apud
440 2226 570 2290 Suidam
598 2226 769 2288 adnotatae
793 2231 867 2288 sunt
890 2226 999 2289 uariae
1022 2227 1187 2301 lectiones,
1219 2225 1315 2289 ueluti

169 2334 210 2397 ad
224 2333 281 2414 Eq.
296 2333 317 2394 4
331 2326 494 2414 γράφεται
509 2332 544 2395 δὲ
559 2333 616 2394 καὶ
635 2330 818 2416 εἰοέφρηοε,
837 2331 889 2393 ubi
905 2331 938 2395 in
952 2352 1046 2395 uersu
1062 2333 1130 2413 ipso
1146 2327 1312 2417 εἰσήρρηοι

170 2443 267 2513 extat,
286 2443 317 2500 et
340 2439 381 2500 ad
399 2438 457 2521 Eq.
482 2438 544 2501 877
567 2434 599 2500 οἱ
619 2437 654 2500 δὲ
674 2432 815 2519 Γρύπον
833 2435 965 2520 λέγουσι
991 2431 1045 2501 διὰ
1069 2445 1131 2501 τοῦ
1148 2461 1185 2515 π,
1209 2437 1264 2499 ubi
1286 2437 1315 2499 in

170 2565 266 2608 uersu
289 2544 357 2625 ipse
381 2544 498 2626 legitur
517 2538 682 2626 Γρύττον,
707 2563 758 2606 eas
782 2543 850 2606 sine
874 2543 970 2606 dubio
995 2544 1056 2607 iam
1081 2545 1112 2606 in
1132 2544 1239 2607 codice
1263 2564 1315 2607 suo

171 2649 403 2732 Aristophaneo
430 2655 556 2713 notatas
579 2650 720 2731 repperit
729 2650 766 2732 ὃ),
794 2670 851 2712 nec
878 2649 954 2712 licet
981 2651 1054 2713 inde
1081 2650 1225 2713 concludi
1249 2649 1316 2713 Sui-

171 2756 244 2819 dam
268 2757 370 2838 ipsum
394 2777 447 2819 eas
471 2757 577 2819 uarias
601 2756 773 2837 scripturas
797 2776 836 2818 ex
859 2757 922 2818 olio
945 2755 1027 2818 alius
1051 2755 1189 2819 familiae
1213 2757 1316 2819 codice

171 2863 347 2926 adnotasse.

260 2968 392 3032 Accedit
419 2968 521 3043 aliud,
553 2968 637 3031 unde
669 2965 800 3031 Suidam
829 2968 931 3049 ipsum
959 2969 1128 3051 perlegisse
1157 2969 1317 3050 ipsumque

177 3087 314 3094 -—..
317 3087 389 3092 ——.

246 3146 264 3208 ¹)
283 3145 391 3212 Fragm.
415 3145 487 3196 Com.
514 3144 644 3198 Gracci
669 3160 712 3211 pg.
733 3145 786 3196 560
809 3144 844 3196 ad
869 3143 1040 3198 scholiastae
1059 3143 1184 3212 Dionysii
1204 3142 1318 3197 Thracis

171 3232 216 3298 lei:
242 3233 361 3286 Bekker.
387 3232 509 3286 Anecdd.
539 3249 582 3300 pg.
610 3233 671 3297 747)
700 3232 798 3285 uerba:
833 3228 971 3300 ἐπίσημος
999 3232 1028 3285 a:
1060 3234 1200 3300 Κρατῖνος
1227 3226 1243 3285 ὃ
1272 3231 1317 3285 καὶ

174 3316 380 3391 πραττόμενος.

244 3408 265 3476 ⁹)
284 3409 408 3476 Quaestt.
429 3410 525 3463 Scaen.
546 3424 619 3477 spec.
640 3410 667 3462 ΙΙ
686 3427 730 3478 pg.
750 3412 775 3463 2.

246 3497 266 3564 ³)
285 3496 332 3550 Iln'
356 3497 431 3563 qnod
453 3497 548 3549 haeret
566 3497 744 3564 (Meinekius)
768 3499 800 3552 in
817 3498 901 3552 aerbo
925 3494 1112 3567 πράττειν...
1132 3497 1206 3548 hanc
1224 3498 1320 3550 tabent

172 3605 186 3642 e
203 3586 330 3654 narpine
351 3585 524 3653 desumptam
543 3587 671 3640 notatam
685 3586 900 3641 Henstertnsii:
918 3593 1004 3640 certe:
1024 3602 1095 3653 qnae
1110 3591 1202 3638 antem
1216 3591 1319 3638 tracta·

172 3676 265 3729 ninas
280 3674 480 3746 Aristophanis
499 3674 633 3729 dramata
650 3677 719 3730 lraec
737 3681 811 3729 sant.
840 3675 916 3728 Mitti
930 3680 1078 3742 praeterea
1095 3673 1211 3727 nidetnr
1224 3673 1319 3726 scholi·

172 3780 253 3818 orani
280 3764 446 3839 conscriptio
475 3770 500 3817 et
527 3764 722 3831 interpretatio
745 3766 776 3817 in
792 3765 1041 3833 prannaaticoranr
1063 3762 1138 3815 indis
1159 3761 1319 3830 sipniftcari.

243 3853 264 3918 ⁴)
294 3853 328 3906 cl.
357 3853 649 3921 Schweighaeuscrum
674 3853 702 3906 in
726 3853 820 3907 Indice
845 3854 880 3906 cd
904 3852 1075 3921 Epictetum,
1104 3850 1263 3905 Fabricium
1287 3848 1320 3903 ad

172 3940 272 3994 Maria.
296 3941 352 3995 Vit.
378 3942 468 3995 Procli
493 3960 515 3996 e.
540 3944 575 3996 2‘2
600 3948 653 4010 (pg.
680 3942 753 4006 114),
782 3943 913 3996 Cobetum
939 3941 1009 3995 obss.
1035 3941 1062 3993 in
1087 3939 1156 3992 Plat.
1182 3956 1249 3992 eom.
1273 3937 1320 3991 rel.

172 4046 198 4097 p.
219 4030 261 4095 56,
285 4031 494 4099 Bernhardyum
518 4030 588 4084 Hist.
616 4030 683 4083 Litt.
703 4029 801 4084 Gracc.
821 4031 846 4084 1⁴
865 4034 879 4094 ξ
897 4031 940 4094 88,
960 4032 989 4082 2:
1023 4029 1078 4082 Die
1100 4027 1241 4096 pelesenen
1263 4024 1322 4079 ond

173 4117 317 4172 besonders
332 4118 376 4172 die
392 4119 555 4172 classisclien
569 4118 697 4171 Antoren
710 4119 815 4172 hiessen
830 4119 938 4172 danais
954 4118 1014 4185 (VI.
1037 4118 1102 4171 VII.
1118 4117 1201 4171 VIII.
1212 4116 1320 4182 Janrn.)

173 4202 200 4260 οὶ
223 4203 428 4276 πραττόμενοι,
454 4207 498 4261 die
520 4208 639 4261 Lectilre
662 4210 775 4276 πρᾶξις,
805 4208 975 4261 cornnentirt
998 4206 1059 4258 and
1081 4206 1182 4273 μοίραις
1206 4204 1323 4258 andini

172 4295 283 4348 ancien
300 4296 336 4350 ist
354 4291 542 4366 πράττεσθαι.

243 4383 264 4449 ⁶)
283 4386 318 4439 sd
332 4386 383 4453 Eq.
399 4385 416 4438 4
434 4383 462 4436 in
483 4384 531 4437 Va
550 4383 679 4437 similiter
697 4384 857 4441 adnotatum
877 4389 920 4438 est
939 4378 970 4437 ἐν
985 4379 1069 4447 ἐνίοις
1088 4379 1118 4434 δὲ
1136 4375 1321 4450 ἀντιγράφοις

174 4471 330 4544 εἰσέφρησε
349 4468 499 4544 γράφεται.
