<?xml version="1.0" encoding="UTF-8"?>
<!DOCTYPE html PUBLIC "-//W3C//DTD XHTML 1.0 Transitional//EN"
    "http://www.w3.org/TR/xhtml1/DTD/xhtml1-transitional.dtd">
<html xmlns="http://www.w3.org/1999/xhtml" xml:lang="en" lang="en">
 <head>
  <title>
</title>
<meta http-equiv="Content-Type" content="text/html;charset=utf-8" />
  <meta name='ocr-system' content='tesseract 3.04.00' />
  <meta name='ocr-capabilities' content='ocr_page ocr_carea ocr_par ocr_line ocrx_word'/>
</head>
<body>
  <div class='ocr_page' id='page_1' title='image "./dearistophanise00bngoog_0017.png"; bbox 0 0 2978 5114; ppageno 0'>
   <div class='ocr_carea' id='block_1_1' title="bbox 173 457 880 540">
    <p class='ocr_par' dir='ltr' id='par_1_1' title="bbox 173 457 880 540">
     <span class='ocr_line' id='line_1_1' title="bbox 173 457 880 540; baseline 0.001 -20"><span class='ocrx_word' id='word_1_1' title='bbox 173 457 215 520; x_wconf 81' lang='lat'>12</span> <span class='ocrx_word' id='word_1_2' title='bbox 606 497 649 505; x_wconf 86' lang='lat'>-</span> <span class='ocrx_word' id='word_1_3' title='bbox 696 458 790 540; x_wconf 77' lang='lat' dir='ltr'>[iss]</span> <span class='ocrx_word' id='word_1_4' title='bbox 838 496 880 504; x_wconf 90' lang='lat'><em>-</em></span> 
     </span>
    </p>
   </div>
   <div class='ocr_carea' id='block_1_2' title="bbox 114 637 1361 2966">
    <p class='ocr_par' dir='ltr' id='par_1_2' title="bbox 170 637 1311 843">
     <span class='ocr_line' id='line_1_2' title="bbox 170 637 1311 734; baseline -0.001 -19"><span class='ocrx_word' id='word_1_5' title='bbox 170 653 217 716; x_wconf 87' lang='lat' dir='ltr'>ita</span> <span class='ocrx_word' id='word_1_6' title='bbox 240 652 411 716; x_wconf 76' lang='lat' dir='ltr'>cohaerent</span> <span class='ocrx_word' id='word_1_7' title='bbox 434 637 498 716; x_wconf 36' lang='lat' dir='ltr'>aut*</span> <span class='ocrx_word' id='word_1_8' title='bbox 513 653 704 729; x_wconf 85' lang='lat' dir='ltr'>coaluerunt,</span> <span class='ocrx_word' id='word_1_9' title='bbox 732 659 768 716; x_wconf 94' lang='lat' dir='ltr'>ut</span> <span class='ocrx_word' id='word_1_10' title='bbox 790 653 905 716; x_wconf 90' lang='lat' dir='ltr'>lemma</span> <span class='ocrx_word' id='word_1_11' title='bbox 928 658 984 716; x_wconf 91' lang='lat' dir='ltr'>aut</span> <span class='ocrx_word' id='word_1_12' title='bbox 1007 651 1175 734; x_wconf 77' lang='lat' dir='ltr'>explicatio</span> <span class='ocrx_word' id='word_1_13' title='bbox 1199 650 1311 734; x_wconf 89' lang='lat' dir='ltr'>ubique</span> 
     </span>
     <span class='ocr_line' id='line_1_3' title="bbox 171 761 634 843; baseline 0 -21"><span class='ocrx_word' id='word_1_14' title='bbox 171 779 241 822; x_wconf 91' lang='lat' dir='ltr'>cum</span> <span class='ocrx_word' id='word_1_15' title='bbox 263 762 413 822; x_wconf 87' lang='lat' dir='ltr'>contextu</span> <span class='ocrx_word' id='word_1_16' title='bbox 436 761 634 843; x_wconf 79' lang='lat' dir='ltr'>congruat¹).</span> 
     </span>
    </p>

    <p class='ocr_par' dir='ltr' id='par_1_3' title="bbox 114 863 1361 2966">
     <span class='ocr_line' id='line_1_4' title="bbox 259 863 1312 948; baseline -0.001 -21"><span class='ocrx_word' id='word_1_17' title='bbox 259 865 308 927; x_wconf 87' lang='lat' dir='ltr'>Ex</span> <span class='ocrx_word' id='word_1_18' title='bbox 331 865 477 946; x_wconf 78' lang='lat' dir='ltr'>undecim</span> <span class='ocrx_word' id='word_1_19' title='bbox 503 871 623 941; x_wconf 87' lang='lat' dir='ltr'>autem,</span> <span class='ocrx_word' id='word_1_20' title='bbox 650 886 731 946; x_wconf 88' lang='lat' dir='ltr'>quae</span> <span class='ocrx_word' id='word_1_21' title='bbox 756 866 898 948; x_wconf 76' lang='lat' dir='ltr'>integrae</span> <span class='ocrx_word' id='word_1_22' title='bbox 922 865 1026 929; x_wconf 87' lang='lat' dir='ltr'>adhuc</span> <span class='ocrx_word' id='word_1_23' title='bbox 1049 869 1172 940; x_wconf 88' lang='lat' dir='ltr'>extant,</span> <span class='ocrx_word' id='word_1_24' title='bbox 1200 863 1312 928; x_wconf 89' lang='lat' dir='ltr'>fabulis</span> 
     </span>
     <span class='ocr_line' id='line_1_5' title="bbox 170 971 1312 1055; baseline 0 -22"><span class='ocrx_word' id='word_1_25' title='bbox 170 977 206 1034; x_wconf 89' lang='lat' dir='ltr'>ut</span> <span class='ocrx_word' id='word_1_26' title='bbox 228 976 294 1035; x_wconf 91' lang='lat' dir='ltr'>tres</span> <span class='ocrx_word' id='word_1_27' title='bbox 312 972 494 1036; x_wconf 88' lang='lat' dir='ltr'>tractandas</span> <span class='ocrx_word' id='word_1_28' title='bbox 514 972 671 1055; x_wconf 84' lang='lat' dir='ltr'>eligerem,</span> <span class='ocrx_word' id='word_1_29' title='bbox 694 972 834 1055; x_wconf 86' lang='lat' dir='ltr'>Equites,</span> <span class='ocrx_word' id='word_1_30' title='bbox 857 971 1205 1054; x_wconf 85' lang='lat' dir='ltr'>Thesmophoriazusas,</span> <span class='ocrx_word' id='word_1_31' title='bbox 1227 971 1312 1054; x_wconf 86' lang='lat' dir='ltr'>Lysi·</span> 
     </span>
     <span class='ocr_line' id='line_1_6' title="bbox 171 1077 1311 1160; baseline -0.001 -19"><span class='ocrx_word' id='word_1_32' title='bbox 171 1082 317 1154; x_wconf 86' lang='lat' dir='ltr'>stratam,</span> <span class='ocrx_word' id='word_1_33' title='bbox 348 1079 409 1143; x_wconf 90' lang='lat' dir='ltr'>hoc</span> <span class='ocrx_word' id='word_1_34' title='bbox 435 1101 485 1142; x_wconf 89' lang='lat' dir='ltr'>mo</span> <span class='ocrx_word' id='word_1_35' title='bbox 518 1080 699 1155; x_wconf 87' lang='lat' dir='ltr'>commouit,</span> <span class='ocrx_word' id='word_1_36' title='bbox 732 1079 817 1160; x_wconf 91' lang='lat' dir='ltr'>quod</span> <span class='ocrx_word' id='word_1_37' title='bbox 845 1079 956 1142; x_wconf 90' lang='lat' dir='ltr'>barum</span> <span class='ocrx_word' id='word_1_38' title='bbox 986 1084 1109 1141; x_wconf 88' lang='lat' dir='ltr'>tantum</span> <span class='ocrx_word' id='word_1_39' title='bbox 1137 1077 1311 1141; x_wconf 87' lang='lat' dir='ltr'>comoedia·</span> 
     </span>
     <span class='ocr_line' id='line_1_7' title="bbox 170 1183 1312 1266; baseline -0.002 -20"><span class='ocrx_word' id='word_1_40' title='bbox 170 1205 242 1246; x_wconf 91' lang='lat' dir='ltr'>rum</span> <span class='ocrx_word' id='word_1_41' title='bbox 268 1185 301 1247; x_wconf 93' lang='lat' dir='ltr'>in</span> <span class='ocrx_word' id='word_1_42' title='bbox 328 1183 474 1248; x_wconf 90' lang='lat' dir='ltr'>manibus</span> <span class='ocrx_word' id='word_1_43' title='bbox 501 1185 618 1249; x_wconf 89' lang='lat' dir='ltr'>nostris</span> <span class='ocrx_word' id='word_1_44' title='bbox 647 1190 695 1249; x_wconf 89' lang='lat' dir='ltr'>est</span> <span class='ocrx_word' id='word_1_45' title='bbox 722 1191 870 1266; x_wconf 86' lang='lat' dir='ltr'>accurata</span> <span class='ocrx_word' id='word_1_46' title='bbox 897 1206 968 1248; x_wconf 91' lang='lat' dir='ltr'>cum</span> <span class='ocrx_word' id='word_1_47' title='bbox 997 1183 1159 1248; x_wconf 86' lang='lat' dir='ltr'>codicibus</span> <span class='ocrx_word' id='word_1_48' title='bbox 1182 1183 1312 1248; x_wconf 88' lang='lat' dir='ltr'>collatio.</span> 
     </span>
     <span class='ocr_line' id='line_1_8' title="bbox 171 1288 1312 1375; baseline 0 -23"><span class='ocrx_word' id='word_1_49' title='bbox 171 1290 335 1373; x_wconf 89' lang='lat' dir='ltr'>Adolphus</span> <span class='ocrx_word' id='word_1_50' title='bbox 359 1291 398 1354; x_wconf 88' lang='lat' dir='ltr'>de</span> <span class='ocrx_word' id='word_1_51' title='bbox 426 1291 541 1354; x_wconf 88' lang='lat' dir='ltr'>Velsen</span> <span class='ocrx_word' id='word_1_52' title='bbox 569 1291 653 1355; x_wconf 88' lang='lat' dir='ltr'>euim</span> <span class='ocrx_word' id='word_1_53' title='bbox 679 1312 762 1355; x_wconf 93' lang='lat' dir='ltr'>anno</span> <span class='ocrx_word' id='word_1_54' title='bbox 789 1291 819 1354; x_wconf 93' lang='lat' dir='ltr'>h.</span> <span class='ocrx_word' id='word_1_55' title='bbox 841 1312 863 1354; x_wconf 90' lang='lat' dir='ltr'>s.</span> <span class='ocrx_word' id='word_1_56' title='bbox 883 1290 1034 1375; x_wconf 87' lang='lat' dir='ltr'>LXVIllI</span> <span class='ocrx_word' id='word_1_57' title='bbox 1062 1290 1237 1355; x_wconf 86' lang='lat' dir='ltr'>undecim</span> <span class='ocrx_word' id='word_1_58' title='bbox 1260 1288 1312 1353; x_wconf 87' lang='lat' dir='ltr'>fa-</span> 
     </span>
     <span class='ocr_line' id='line_1_9' title="bbox 170 1396 1314 1480; baseline -0.001 -21"><span class='ocrx_word' id='word_1_59' title='bbox 170 1396 343 1460; x_wconf 88' lang='lat' dir='ltr'>bularum</span> <span class='ocrx_word' id='word_1_60' title='bbox 384 1396 656 1480; x_wconf 85' lang='lat' dir='ltr'>Aristophanis</span> <span class='ocrx_word' id='word_1_61' title='bbox 698 1418 815 1461; x_wconf 88' lang='lat' dir='ltr'>nouae</span> <span class='ocrx_word' id='word_1_62' title='bbox 857 1398 1092 1463; x_wconf 82' lang='lat' dir='ltr'>recensionis</span> <span class='ocrx_word' id='word_1_63' title='bbox 1139 1403 1314 1478; x_wconf 85' lang='lat' dir='ltr'>tanquam</span> 
     </span>
     <span class='ocr_line' id='line_1_10' title="bbox 170 1501 1313 1586; baseline -0.001 -21"><span class='ocrx_word' id='word_1_64' title='bbox 170 1504 440 1585; x_wconf 88' lang='lat' dir='ltr'>promulsidem</span> <span class='ocrx_word' id='word_1_65' title='bbox 467 1503 643 1586; x_wconf 86' lang='lat' dir='ltr'>Equitum</span> <span class='ocrx_word' id='word_1_66' title='bbox 678 1501 844 1566; x_wconf 87' lang='lat' dir='ltr'>fabulam</span> <span class='ocrx_word' id='word_1_67' title='bbox 876 1503 995 1586; x_wconf 91' lang='lat' dir='ltr'>publici</span> <span class='ocrx_word' id='word_1_68' title='bbox 1024 1504 1101 1567; x_wconf 91' lang='lat' dir='ltr'>iuris</span> <span class='ocrx_word' id='word_1_69' title='bbox 1129 1503 1217 1578; x_wconf 85' lang='lat' dir='ltr'>fecit,</span> <span class='ocrx_word' id='word_1_70' title='bbox 1249 1507 1313 1565; x_wconf 91' lang='lat' dir='ltr'>tum</span> 
     </span>
     <span class='ocr_line' id='line_1_11' title="bbox 170 1608 1320 1692; baseline -0.001 -20"><span class='ocrx_word' id='word_1_71' title='bbox 170 1629 197 1672; x_wconf 90' lang='lat' dir='ltr'>a.</span> <span class='ocrx_word' id='word_1_72' title='bbox 225 1609 306 1672; x_wconf 93' lang='grc'>1871</span> <span class='ocrx_word' id='word_1_73' title='bbox 333 1608 364 1670; x_wconf 93' lang='lat' dir='ltr'>in</span> <span class='ocrx_word' id='word_1_74' title='bbox 388 1608 495 1673; x_wconf 91' lang='lat' dir='ltr'>libello</span> <span class='ocrx_word' id='word_1_75' title='bbox 524 1609 578 1692; x_wconf 93' lang='lat' dir='ltr'>qui</span> <span class='ocrx_word' id='word_1_76' title='bbox 607 1608 802 1672; x_wconf 87' lang='lat' dir='ltr'>inscribitur:</span> <span class='ocrx_word' id='word_1_77' title='bbox 830 1609 973 1686; x_wconf 89' lang='lat' dir='ltr'>„Ueber</span> <span class='ocrx_word' id='word_1_78' title='bbox 1001 1609 1072 1674; x_wconf 90' lang='lat' dir='ltr'>don</span> <span class='ocrx_word' id='word_1_79' title='bbox 1100 1608 1225 1673; x_wconf 84' lang='lat' dir='ltr'>Codex</span> <span class='ocrx_word' id='word_1_80' title='bbox 1251 1608 1320 1689; x_wconf 49' lang='lat' dir='ltr'>Urf</span> 
     </span>
     <span class='ocr_line' id='line_1_12' title="bbox 170 1714 1361 1799; baseline 0.001 -21"><span class='ocrx_word' id='word_1_81' title='bbox 170 1714 280 1778; x_wconf 87' lang='lat' dir='ltr'>binas</span> <span class='ocrx_word' id='word_1_82' title='bbox 304 1715 369 1778; x_wconf 97' lang='lat' dir='ltr'>der</span> <span class='ocrx_word' id='word_1_83' title='bbox 385 1714 606 1798; x_wconf 86' lang='lat' dir='ltr'>Lysistrata</span> <span class='ocrx_word' id='word_1_84' title='bbox 628 1715 702 1778; x_wconf 93' lang='lat' dir='ltr'>und</span> <span class='ocrx_word' id='word_1_85' title='bbox 726 1716 793 1779; x_wconf 89' lang='lat' dir='ltr'>dor</span> <span class='ocrx_word' id='word_1_86' title='bbox 811 1716 1230 1799; x_wconf 87' lang='lat' dir='ltr'>Thesmophoriazuson</span> <span class='ocrx_word' id='word_1_87' title='bbox 1253 1715 1313 1778; x_wconf 90' lang='lat' dir='ltr'>des</span> <span class='ocrx_word' id='word_1_88' title='bbox 1354 1762 1361 1779; x_wconf 90' lang='lat'><strong><em>.</em></strong></span> 
     </span>
     <span class='ocr_line' id='line_1_13' title="bbox 171 1820 1313 1905; baseline 0 -23"><span class='ocrx_word' id='word_1_89' title='bbox 171 1820 470 1902; x_wconf 89' lang='lat' dir='ltr'>Aristophanos“</span> <span class='ocrx_word' id='word_1_90' title='bbox 497 1821 687 1885; x_wconf 87' lang='lat' dir='ltr'>Vrbinatem</span> <span class='ocrx_word' id='word_1_91' title='bbox 709 1821 798 1885; x_wconf 91' lang='lat' dir='ltr'>illum</span> <span class='ocrx_word' id='word_1_92' title='bbox 821 1822 936 1885; x_wconf 90' lang='lat' dir='ltr'>librum</span> <span class='ocrx_word' id='word_1_93' title='bbox 960 1843 999 1886; x_wconf 81' lang='lat' dir='ltr'>ex</span> <span class='ocrx_word' id='word_1_94' title='bbox 1022 1843 1084 1905; x_wconf 90' lang='lat' dir='ltr'>quo</span> <span class='ocrx_word' id='word_1_95' title='bbox 1108 1822 1207 1886; x_wconf 90' lang='lat' dir='ltr'>editio</span> <span class='ocrx_word' id='word_1_96' title='bbox 1230 1821 1313 1903; x_wconf 94' lang='lat' dir='ltr'>prin-</span> 
     </span>
     <span class='ocr_line' id='line_1_14' title="bbox 114 1926 1314 2010; baseline -0.002 -19"><span class='ocrx_word' id='word_1_97' title='bbox 114 1964 118 1970; x_wconf 94' lang='lat'><em>·</em></span> <span class='ocrx_word' id='word_1_98' title='bbox 170 1948 242 2010; x_wconf 88' lang='lat' dir='ltr'>ceps</span> <span class='ocrx_word' id='word_1_99' title='bbox 264 1926 377 1991; x_wconf 90' lang='lat' dir='ltr'>harum</span> <span class='ocrx_word' id='word_1_100' title='bbox 400 1927 589 2004; x_wconf 89' lang='lat' dir='ltr'>fabularum,</span> <span class='ocrx_word' id='word_1_101' title='bbox 612 1926 741 1991; x_wconf 88' lang='lat' dir='ltr'>Iuntina</span> <span class='ocrx_word' id='word_1_102' title='bbox 758 1929 861 2009; x_wconf 89' lang='lat' dir='ltr'>prima</span> <span class='ocrx_word' id='word_1_103' title='bbox 879 1931 955 1992; x_wconf 91' lang='lat' dir='ltr'>anni</span> <span class='ocrx_word' id='word_1_104' title='bbox 977 1927 1071 2004; x_wconf 81' lang='lat'>1516,</span> <span class='ocrx_word' id='word_1_105' title='bbox 1094 1928 1252 2010; x_wconf 87' lang='lat' dir='ltr'>exscripta</span> <span class='ocrx_word' id='word_1_106' title='bbox 1269 1931 1314 1991; x_wconf 89' lang='lat' dir='ltr'>est</span> 
     </span>
     <span class='ocr_line' id='line_1_15' title="bbox 170 2032 1314 2117; baseline -0.003 -20"><span class='ocrx_word' id='word_1_107' title='bbox 170 2038 203 2097; x_wconf 89' lang='lat' dir='ltr'>et</span> <span class='ocrx_word' id='word_1_108' title='bbox 226 2033 314 2098; x_wconf 89' lang='lat' dir='ltr'>cuius</span> <span class='ocrx_word' id='word_1_109' title='bbox 337 2034 470 2117; x_wconf 88' lang='lat' dir='ltr'>posthac</span> <span class='ocrx_word' id='word_1_110' title='bbox 492 2032 560 2098; x_wconf 88' lang='lat' dir='ltr'>fata</span> <span class='ocrx_word' id='word_1_111' title='bbox 582 2033 695 2097; x_wconf 87' lang='lat' dir='ltr'>crassis</span> <span class='ocrx_word' id='word_1_112' title='bbox 718 2032 857 2097; x_wconf 84' lang='lat' dir='ltr'>tenebris</span> <span class='ocrx_word' id='word_1_113' title='bbox 881 2033 995 2098; x_wconf 88' lang='lat' dir='ltr'>obruta</span> <span class='ocrx_word' id='word_1_114' title='bbox 1017 2033 1169 2110; x_wconf 89' lang='lat' dir='ltr'>latebant,</span> <span class='ocrx_word' id='word_1_115' title='bbox 1197 2033 1314 2096; x_wconf 91' lang='lat' dir='ltr'>nullum</span> 
     </span>
     <span class='ocr_line' id='line_1_16' title="bbox 171 2120 1313 2223; baseline 0.002 -21"><span class='ocrx_word' id='word_1_116' title='bbox 171 2160 237 2204; x_wconf 87' lang='lat' dir='ltr'>esse</span> <span class='ocrx_word' id='word_1_117' title='bbox 265 2140 363 2203; x_wconf 90' lang='lat' dir='ltr'>alium</span> <span class='ocrx_word' id='word_1_118' title='bbox 386 2161 482 2222; x_wconf 88' lang='lat' dir='ltr'>quarn</span> <span class='ocrx_word' id='word_1_119' title='bbox 504 2120 721 2203; x_wconf 80' lang='lat' dir='ltr'>Rauennatem</span> <span class='ocrx_word' id='word_1_120' title='bbox 745 2141 927 2204; x_wconf 88' lang='lat' dir='ltr'>certissimis</span> <span class='ocrx_word' id='word_1_121' title='bbox 956 2142 1051 2205; x_wconf 86' lang='lat' dir='ltr'>euicit</span> <span class='ocrx_word' id='word_1_122' title='bbox 1074 2140 1267 2223; x_wconf 85' lang='lat' dir='ltr'>argumentis</span> <span class='ocrx_word' id='word_1_123' title='bbox 1275 2138 1313 2223; x_wconf 72' lang='lat'>²);</span> 
     </span>
     <span class='ocr_line' id='line_1_17' title="bbox 170 2245 1313 2329; baseline -0.001 -21"><span class='ocrx_word' id='word_1_124' title='bbox 170 2266 264 2329; x_wconf 91' lang='lat' dir='ltr'>quam</span> <span class='ocrx_word' id='word_1_125' title='bbox 296 2246 337 2309; x_wconf 89' lang='lat' dir='ltr'>ad</span> <span class='ocrx_word' id='word_1_126' title='bbox 369 2246 557 2310; x_wconf 89' lang='lat' dir='ltr'>sententiam</span> <span class='ocrx_word' id='word_1_127' title='bbox 589 2245 857 2328; x_wconf 86' lang='lat' dir='ltr'>comprobandam</span> <span class='ocrx_word' id='word_1_128' title='bbox 884 2247 1079 2312; x_wconf 87' lang='lat' dir='ltr'>Rauennatis</span> <span class='ocrx_word' id='word_1_129' title='bbox 1112 2252 1144 2310; x_wconf 90' lang='lat' dir='ltr'>et</span> <span class='ocrx_word' id='word_1_130' title='bbox 1172 2245 1313 2310; x_wconf 86' lang='lat' dir='ltr'>Iuntinao</span> 
     </span>
     <span class='ocr_line' id='line_1_18' title="bbox 169 2351 1313 2435; baseline -0.002 -20"><span class='ocrx_word' id='word_1_131' title='bbox 169 2352 341 2434; x_wconf 91' lang='lat' dir='ltr'>scripturas</span> <span class='ocrx_word' id='word_1_132' title='bbox 368 2351 408 2416; x_wconf 92' lang='lat' dir='ltr'>ab</span> <span class='ocrx_word' id='word_1_133' title='bbox 432 2352 571 2435; x_wconf 78' lang='lat' dir='ltr'>Erigere,</span> <span class='ocrx_word' id='word_1_134' title='bbox 600 2351 653 2434; x_wconf 91' lang='lat' dir='ltr'>qui</span> <span class='ocrx_word' id='word_1_135' title='bbox 680 2357 858 2434; x_wconf 89' lang='lat' dir='ltr'>postremus</span> <span class='ocrx_word' id='word_1_136' title='bbox 881 2353 939 2417; x_wconf 89' lang='lat' dir='ltr'>has</span> <span class='ocrx_word' id='word_1_137' title='bbox 963 2355 1041 2418; x_wconf 89' lang='lat' dir='ltr'>duas</span> <span class='ocrx_word' id='word_1_138' title='bbox 1064 2352 1188 2417; x_wconf 83' lang='lat' dir='ltr'>fabulas</span> <span class='ocrx_word' id='word_1_139' title='bbox 1211 2372 1313 2416; x_wconf 86' lang='lat' dir='ltr'>rocen-</span> 
     </span>
     <span class='ocr_line' id='line_1_19' title="bbox 170 2456 1313 2542; baseline -0.003 -20"><span class='ocrx_word' id='word_1_140' title='bbox 170 2458 242 2534; x_wconf 88' lang='lat' dir='ltr'>suit,</span> <span class='ocrx_word' id='word_1_141' title='bbox 265 2464 301 2522; x_wconf 93' lang='lat' dir='ltr'>ut</span> <span class='ocrx_word' id='word_1_142' title='bbox 324 2459 466 2522; x_wconf 88' lang='lat' dir='ltr'>diuersas</span> <span class='ocrx_word' id='word_1_143' title='bbox 489 2459 630 2541; x_wconf 89' lang='lat' dir='ltr'>prolatas</span> <span class='ocrx_word' id='word_1_144' title='bbox 649 2459 818 2523; x_wconf 90' lang='lat' dir='ltr'>maximam</span> <span class='ocrx_word' id='word_1_145' title='bbox 837 2464 961 2542; x_wconf 87' lang='lat' dir='ltr'>partem</span> <span class='ocrx_word' id='word_1_146' title='bbox 982 2480 1156 2541; x_wconf 84' lang='lat' dir='ltr'>congruere</span> <span class='ocrx_word' id='word_1_147' title='bbox 1175 2456 1313 2523; x_wconf 86' lang='lat' dir='ltr'>omnibus</span> 
     </span>
     <span class='ocr_line' id='line_1_20' title="bbox 172 2563 1313 2648; baseline -0.001 -22"><span class='ocrx_word' id='word_1_148' title='bbox 172 2585 251 2647; x_wconf 89' lang='lat' dir='ltr'>quae</span> <span class='ocrx_word' id='word_1_149' title='bbox 271 2564 332 2628; x_wconf 89' lang='lat' dir='ltr'>huc</span> <span class='ocrx_word' id='word_1_150' title='bbox 349 2563 554 2646; x_wconf 84' lang='lat' dir='ltr'>pertinebant</span> <span class='ocrx_word' id='word_1_151' title='bbox 571 2564 720 2646; x_wconf 90' lang='lat' dir='ltr'>exemplis</span> <span class='ocrx_word' id='word_1_152' title='bbox 740 2565 978 2642; x_wconf 89' lang='lat' dir='ltr'>demonstrauit,</span> <span class='ocrx_word' id='word_1_153' title='bbox 997 2565 1113 2648; x_wconf 92' lang='lat' dir='ltr'>quibus</span> <span class='ocrx_word' id='word_1_154' title='bbox 1131 2566 1208 2629; x_wconf 85' lang='lat' dir='ltr'>locis</span> <span class='ocrx_word' id='word_1_155' title='bbox 1223 2583 1313 2627; x_wconf 88' lang='lat' dir='ltr'>uorao</span> 
     </span>
     <span class='ocr_line' id='line_1_21' title="bbox 172 2669 1313 2753; baseline -0.002 -20"><span class='ocrx_word' id='word_1_156' title='bbox 172 2671 404 2753; x_wconf 86' lang='lat' dir='ltr'>discrepantiae</span> <span class='ocrx_word' id='word_1_157' title='bbox 432 2669 515 2733; x_wconf 86' lang='lat' dir='ltr'>inter</span> <span class='ocrx_word' id='word_1_158' title='bbox 542 2670 605 2732; x_wconf 78' lang='lat' dir='ltr'>R⁰¹¹¹</span> <span class='ocrx_word' id='word_1_159' title='bbox 634 2676 666 2733; x_wconf 88' lang='lat' dir='ltr'>et</span> <span class='ocrx_word' id='word_1_160' title='bbox 693 2670 853 2734; x_wconf 90' lang='lat' dir='ltr'>Iuntinam</span> <span class='ocrx_word' id='word_1_161' title='bbox 881 2677 1028 2736; x_wconf 87' lang='lat' dir='ltr'>extarent</span> <span class='ocrx_word' id='word_1_162' title='bbox 1055 2673 1207 2747; x_wconf 88' lang='lat' dir='ltr'>cnotauit,</span> <span class='ocrx_word' id='word_1_163' title='bbox 1234 2669 1313 2734; x_wconf 89' lang='lat' dir='ltr'>unde</span> 
     </span>
     <span class='ocr_line' id='line_1_22' title="bbox 172 2777 1312 2860; baseline -0.005 -19"><span class='ocrx_word' id='word_1_164' title='bbox 172 2782 261 2841; x_wconf 87' lang='lat' dir='ltr'>ortae</span> <span class='ocrx_word' id='word_1_165' title='bbox 289 2783 394 2841; x_wconf 91' lang='lat' dir='ltr'>essent</span> <span class='ocrx_word' id='word_1_166' title='bbox 421 2777 554 2859; x_wconf 89' lang='lat' dir='ltr'>aperuit.</span> <span class='ocrx_word' id='word_1_167' title='bbox 606 2777 749 2860; x_wconf 87' lang='lat' dir='ltr'>Denique</span> <span class='ocrx_word' id='word_1_168' title='bbox 777 2798 803 2840; x_wconf 93' lang='lat' dir='ltr'>a.</span> <span class='ocrx_word' id='word_1_169' title='bbox 831 2779 919 2841; x_wconf 89' lang='grc'>1878</span> <span class='ocrx_word' id='word_1_170' title='bbox 949 2779 1033 2842; x_wconf 90' lang='lat' dir='ltr'>idem</span> <span class='ocrx_word' id='word_1_171' title='bbox 1064 2777 1102 2841; x_wconf 82' lang='lat' dir='ltr'>A.</span> <span class='ocrx_word' id='word_1_172' title='bbox 1136 2780 1175 2842; x_wconf 87' lang='lat' dir='ltr'>de</span> <span class='ocrx_word' id='word_1_173' title='bbox 1203 2777 1312 2843; x_wconf 87' lang='lat' dir='ltr'>Velson</span> 
     </span>
     <span class='ocr_line' id='line_1_23' title="bbox 174 2883 1166 2966; baseline 0.002 -20"><span class='ocrx_word' id='word_1_174' title='bbox 174 2883 512 2965; x_wconf 89' lang='lat' dir='ltr'>Thesmophoriazusas</span> <span class='ocrx_word' id='word_1_175' title='bbox 535 2888 692 2966; x_wconf 88' lang='lat' dir='ltr'>apparatu</span> <span class='ocrx_word' id='word_1_176' title='bbox 714 2884 824 2948; x_wconf 86' lang='lat' dir='ltr'>critico</span> <span class='ocrx_word' id='word_1_177' title='bbox 849 2886 1035 2950; x_wconf 89' lang='lat' dir='ltr'>instructam</span> <span class='ocrx_word' id='word_1_178' title='bbox 1058 2885 1166 2949; x_wconf 89' lang='lat' dir='ltr'>edidit.</span> 
     </span>
    </p>
   </div>
   <div class='ocr_carea' id='block_1_3' title="bbox 245 3135 1269 4182">
    <p class='ocr_par' dir='ltr' id='par_1_4' title="bbox 245 3135 1269 3385">
     <span class='ocr_line' id='line_1_24' title="bbox 245 3135 1269 3208; baseline -0.001 -15"><span class='ocrx_word' id='word_1_179' title='bbox 245 3140 263 3204; x_wconf 84' lang='lat'>¹)</span> <span class='ocrx_word' id='word_1_180' title='bbox 282 3140 366 3193; x_wconf 88' lang='lat' dir='ltr'>Velut</span> <span class='ocrx_word' id='word_1_181' title='bbox 380 3139 431 3206; x_wconf 83' lang='lat' dir='ltr'>Eq.</span> <span class='ocrx_word' id='word_1_182' title='bbox 452 3156 475 3191; x_wconf 92' lang='lat' dir='ltr'>v.</span> <span class='ocrx_word' id='word_1_183' title='bbox 495 3141 548 3194; x_wconf 77' lang='lat'>230</span> <span class='ocrx_word' id='word_1_184' title='bbox 568 3135 761 3208; x_wconf 75' lang='grc' dir='ltr'><strong><em>ἐξῃκασμένος</em></strong></span> <span class='ocrx_word' id='word_1_185' title='bbox 810 3141 887 3194; x_wconf 89' lang='lat' dir='ltr'>codd.</span> <span class='ocrx_word' id='word_1_186' title='bbox 908 3135 1110 3208; x_wconf 78' lang='grc' dir='ltr'>ἐξεικασμένος</span> <span class='ocrx_word' id='word_1_187' title='bbox 1165 3139 1269 3194; x_wconf 88' lang='lat' dir='ltr'>scholia</span> 
     </span>
     <span class='ocr_line' id='line_1_25' title="bbox 482 3224 1231 3310; baseline -0.001 -28"><span class='ocrx_word' id='word_1_188' title='bbox 482 3230 544 3310; x_wconf 74' lang='grc' dir='ltr'>Ι278</span> <span class='ocrx_word' id='word_1_189' title='bbox 564 3224 621 3298; x_wconf 74' lang='grc' dir='ltr'>ἐγὼ</span> <span class='ocrx_word' id='word_1_190' title='bbox 642 3229 768 3296; x_wconf 78' lang='grc' dir='ltr'><strong><em>δείκνυμι</em></strong></span> <span class='ocrx_word' id='word_1_191' title='bbox 837 3269 852 3293; x_wconf 86' lang='grc'>,,</span> <span class='ocrx_word' id='word_1_192' title='bbox 904 3225 961 3298; x_wconf 82' lang='grc' dir='ltr'>ἐγὼ</span> <span class='ocrx_word' id='word_1_193' title='bbox 980 3224 1132 3295; x_wconf 81' lang='grc' dir='ltr'><strong><em>’νδείκνομι</em></strong></span> <span class='ocrx_word' id='word_1_194' title='bbox 1201 3269 1231 3294; x_wconf 84' lang='grc'>,,.</span> 
     </span>
     <span class='ocr_line' id='line_1_26' title="bbox 492 3311 1216 3385; baseline 0.001 -15"><span class='ocrx_word' id='word_1_195' title='bbox 492 3317 545 3370; x_wconf 86' lang='grc'>975</span> <span class='ocrx_word' id='word_1_196' title='bbox 564 3311 798 3384; x_wconf 81' lang='grc' dir='ltr'>ἀφικνουμένοισι</span> <span class='ocrx_word' id='word_1_197' title='bbox 836 3357 852 3382; x_wconf 85' lang='grc'>,,</span> <span class='ocrx_word' id='word_1_198' title='bbox 903 3312 1122 3385; x_wconf 78' lang='grc' dir='ltr'><em>ἀφικνουμένοις</em></span> <span class='ocrx_word' id='word_1_199' title='bbox 1200 3359 1216 3382; x_wconf 86' lang='grc'>,,</span> 
     </span>
    </p>

    <p class='ocr_par' dir='ltr' id='par_1_5' title="bbox 261 3399 1217 4005">
     <span class='ocr_line' id='line_1_27' title="bbox 261 3399 971 3473; baseline 0 -15"><span class='ocrx_word' id='word_1_200' title='bbox 261 3405 426 3473; x_wconf 90' lang='lat' dir='ltr'>Thesmoph.</span> <span class='ocrx_word' id='word_1_201' title='bbox 447 3422 470 3456; x_wconf 93' lang='lat' dir='ltr'>v.</span> <span class='ocrx_word' id='word_1_202' title='bbox 509 3406 544 3458; x_wconf 88' lang='grc'>39</span> <span class='ocrx_word' id='word_1_203' title='bbox 564 3399 635 3467; x_wconf 81' lang='grc' dir='ltr'><em>λεώς</em></span> <span class='ocrx_word' id='word_1_204' title='bbox 837 3447 852 3470; x_wconf 91' lang='grc'>,,</span> <span class='ocrx_word' id='word_1_205' title='bbox 903 3401 971 3468; x_wconf 82' lang='grc' dir='ltr'><strong><em>λαός</em></strong></span> 
     </span>
     <span class='ocr_line' id='line_1_28' title="bbox 493 3494 986 3562; baseline 0 -15"><span class='ocrx_word' id='word_1_206' title='bbox 493 3494 544 3547; x_wconf 92' lang='grc'>179</span> <span class='ocrx_word' id='word_1_207' title='bbox 563 3496 676 3562; x_wconf 76' lang='grc' dir='ltr'>κοινῇ·</span> <span class='ocrx_word' id='word_1_208' title='bbox 837 3535 852 3559; x_wconf 90' lang='grc'>,,</span> <span class='ocrx_word' id='word_1_209' title='bbox 903 3497 986 3562; x_wconf 77' lang='grc' dir='ltr'><strong><em>καινῇ</em></strong></span> 
     </span>
     <span class='ocr_line' id='line_1_29' title="bbox 491 3575 1217 3654; baseline 0.003 -19"><span class='ocrx_word' id='word_1_210' title='bbox 491 3584 544 3636; x_wconf 79' lang='grc'>973</span> <span class='ocrx_word' id='word_1_211' title='bbox 563 3575 743 3654; x_wconf 76' lang='grc' dir='ltr'>ὑποκροίτονς</span> <span class='ocrx_word' id='word_1_212' title='bbox 835 3624 850 3648; x_wconf 91' lang='grc'>,,</span> <span class='ocrx_word' id='word_1_213' title='bbox 903 3578 1097 3653; x_wconf 72' lang='grc' dir='ltr'>ἱπποκράτους</span> <span class='ocrx_word' id='word_1_214' title='bbox 1202 3624 1217 3648; x_wconf 89' lang='grc'>,,</span> 
     </span>
     <span class='ocr_line' id='line_1_30' title="bbox 491 3666 1041 3742; baseline 0 -16"><span class='ocrx_word' id='word_1_215' title='bbox 491 3673 543 3727; x_wconf 83' lang='lat'>356</span> <span class='ocrx_word' id='word_1_216' title='bbox 562 3667 712 3742; x_wconf 79' lang='grc' dir='ltr'><em>λεγούσαις</em></span> <span class='ocrx_word' id='word_1_217' title='bbox 835 3713 850 3738; x_wconf 87' lang='grc'>,,</span> <span class='ocrx_word' id='word_1_218' title='bbox 901 3666 1041 3742; x_wconf 81' lang='grc' dir='ltr'><em>λεγούσας</em></span> 
     </span>
     <span class='ocr_line' id='line_1_31' title="bbox 490 3761 1039 3829; baseline -0.004 -14"><span class='ocrx_word' id='word_1_219' title='bbox 490 3762 543 3816; x_wconf 89' lang='grc'>834</span> <span class='ocrx_word' id='word_1_220' title='bbox 561 3761 681 3829; x_wconf 83' lang='grc' dir='ltr'>τηνίοισι</span> <span class='ocrx_word' id='word_1_221' title='bbox 834 3803 849 3826; x_wconf 91' lang='grc'>,,</span> <span class='ocrx_word' id='word_1_222' title='bbox 902 3762 1039 3829; x_wconf 85' lang='grc' dir='ltr'>στηνίοισι</span> 
     </span>
     <span class='ocr_line' id='line_1_32' title="bbox 491 3844 993 3918; baseline -0.002 -15"><span class='ocrx_word' id='word_1_223' title='bbox 491 3851 543 3904; x_wconf 88' lang='grc'>910</span> <span class='ocrx_word' id='word_1_224' title='bbox 562 3844 663 3918; x_wconf 81' lang='grc' dir='ltr'><strong><em>ἀφύων</em></strong></span> <span class='ocrx_word' id='word_1_225' title='bbox 834 3892 849 3917; x_wconf 87' lang='grc'>,,</span> <span class='ocrx_word' id='word_1_226' title='bbox 901 3845 993 3918; x_wconf 82' lang='grc' dir='ltr'><strong><em>ἰφύων</em></strong></span> 
     </span>
     <span class='ocr_line' id='line_1_33' title="bbox 491 3935 1050 4005; baseline -0.004 -13"><span class='ocrx_word' id='word_1_227' title='bbox 491 3938 542 3992; x_wconf 88' lang='grc'>947</span> <span class='ocrx_word' id='word_1_228' title='bbox 563 3935 698 4003; x_wconf 79' lang='grc' dir='ltr'><strong><em>πέσωμεν</em></strong></span> <span class='ocrx_word' id='word_1_229' title='bbox 835 3980 850 4004; x_wconf 85' lang='grc'>,,</span> <span class='ocrx_word' id='word_1_230' title='bbox 901 3939 1050 4005; x_wconf 78' lang='grc' dir='ltr'><strong><em>παίσωμεν</em></strong></span> 
     </span>
    </p>

    <p class='ocr_par' dir='ltr' id='par_1_6' title="bbox 366 4023 1061 4096">
     <span class='ocr_line' id='line_1_34' title="bbox 366 4023 1061 4096; baseline 0 -17"><span class='ocrx_word' id='word_1_231' title='bbox 366 4028 429 4096; x_wconf 86' lang='lat' dir='ltr'>Lys.</span> <span class='ocrx_word' id='word_1_232' title='bbox 449 4043 473 4079; x_wconf 88' lang='lat' dir='ltr'>v.</span> <span class='ocrx_word' id='word_1_233' title='bbox 511 4027 545 4080; x_wconf 89' lang='grc'>63</span> <span class='ocrx_word' id='word_1_234' title='bbox 564 4023 723 4095; x_wconf 74' lang='grc' dir='ltr'>θεαγίνοος</span> <span class='ocrx_word' id='word_1_235' title='bbox 837 4069 851 4093; x_wconf 89' lang='grc'>,,</span> <span class='ocrx_word' id='word_1_236' title='bbox 904 4023 1061 4096; x_wconf 77' lang='grc' dir='ltr'>θεογένονς</span> 
     </span>
    </p>

    <p class='ocr_par' dir='ltr' id='par_1_7' title="bbox 492 4109 1023 4182">
     <span class='ocr_line' id='line_1_35' title="bbox 492 4109 1023 4182; baseline 0 -15"><span class='ocrx_word' id='word_1_237' title='bbox 492 4114 544 4168; x_wconf 80' lang='lat'>282</span> <span class='ocrx_word' id='word_1_238' title='bbox 563 4109 691 4167; x_wconf 90' lang='grc' dir='ltr'><strong><em>ἀσπίδων</em></strong></span> <span class='ocrx_word' id='word_1_239' title='bbox 837 4157 852 4182; x_wconf 88' lang='grc'>,,</span> <span class='ocrx_word' id='word_1_240' title='bbox 903 4109 1023 4177; x_wconf 78' lang='grc' dir='ltr'><strong><em>ἀσπίδας</em></strong></span> 
     </span>
    </p>
   </div>
   <div class='ocr_carea' id='block_1_4' title="bbox 171 4227 1318 4401">
    <p class='ocr_par' dir='ltr' id='par_1_8' title="bbox 171 4227 1318 4401">
     <span class='ocr_line' id='line_1_36' title="bbox 171 4227 1317 4298; baseline -0.003 -14"><span class='ocrx_word' id='word_1_241' title='bbox 171 4229 205 4284; x_wconf 84' lang='lat' dir='ltr'>cf.</span> <span class='ocrx_word' id='word_1_242' title='bbox 221 4230 345 4285; x_wconf 87' lang='lat' dir='ltr'>Dindorf.</span> <span class='ocrx_word' id='word_1_243' title='bbox 362 4228 449 4298; x_wconf 84' lang='lat' dir='ltr'>praef.</span> <span class='ocrx_word' id='word_1_244' title='bbox 466 4229 519 4282; x_wconf 94' lang='lat' dir='ltr'>uol.</span> <span class='ocrx_word' id='word_1_245' title='bbox 536 4229 585 4293; x_wconf 89' lang='grc' dir='ltr'><strong>ΙΙΙ,</strong></span> <span class='ocrx_word' id='word_1_246' title='bbox 602 4231 617 4283; x_wconf 93' lang='grc'>1·</span> <span class='ocrx_word' id='word_1_247' title='bbox 632 4246 676 4298; x_wconf 86' lang='lat' dir='ltr'>pg.</span> <span class='ocrx_word' id='word_1_248' title='bbox 692 4230 843 4296; x_wconf 65' lang='lat' dir='ltr'>Vlll-‚IX‚</span> <span class='ocrx_word' id='word_1_249' title='bbox 864 4236 891 4285; x_wconf 89' lang='lat' dir='ltr'>et</span> <span class='ocrx_word' id='word_1_250' title='bbox 906 4229 936 4285; x_wconf 86' lang='lat'>0.</span> <span class='ocrx_word' id='word_1_251' title='bbox 953 4229 1053 4298; x_wconf 83' lang='lat' dir='ltr'>Laugii</span> <span class='ocrx_word' id='word_1_252' title='bbox 1067 4227 1170 4283; x_wconf 85' lang='lat' dir='ltr'>Variae</span> <span class='ocrx_word' id='word_1_253' title='bbox 1186 4227 1317 4282; x_wconf 87' lang='lat' dir='ltr'>lectiones</span> 
     </span>
     <span class='ocr_line' id='line_1_37' title="bbox 171 4316 1318 4401; baseline -0.002 -29"><span class='ocrx_word' id='word_1_254' title='bbox 171 4336 200 4389; x_wconf 71' lang='lat' dir='ltr'>in</span> <span class='ocrx_word' id='word_1_255' title='bbox 228 4317 339 4373; x_wconf 90' lang='lat' dir='ltr'>scholiis</span> <span class='ocrx_word' id='word_1_256' title='bbox 363 4316 576 4386; x_wconf 87' lang='lat' dir='ltr'>Aristophaneis</span> <span class='ocrx_word' id='word_1_257' title='bbox 606 4317 726 4401; x_wconf 81' lang='lat' dir='ltr'>latentes</span> <span class='ocrx_word' id='word_1_258' title='bbox 749 4320 863 4390; x_wconf 77' lang='lat' dir='ltr'>(Gryph.</span> <span class='ocrx_word' id='word_1_259' title='bbox 889 4320 981 4384; x_wconf 77' lang='grc'><strong>1872),</strong></span> <span class='ocrx_word' id='word_1_260' title='bbox 1011 4318 1057 4387; x_wconf 89' lang='lat' dir='ltr'>qui</span> <span class='ocrx_word' id='word_1_261' title='bbox 1086 4319 1157 4372; x_wconf 85' lang='lat' dir='ltr'>hanc</span> <span class='ocrx_word' id='word_1_262' title='bbox 1185 4334 1243 4372; x_wconf 92' lang='lat' dir='ltr'>rem</span> <span class='ocrx_word' id='word_1_263' title='bbox 1267 4332 1318 4370; x_wconf 93' lang='lat' dir='ltr'>non</span> 
     </span>
    </p>
   </div>
   <div class='ocr_carea' id='block_1_5' title="bbox 171 4405 1317 4569">
    <p class='ocr_par' dir='ltr' id='par_1_9' title="bbox 171 4405 1317 4569">
     <span class='ocr_line' id='line_1_38' title="bbox 171 4405 603 4478; baseline -0.009 -15"><span class='ocrx_word' id='word_1_264' title='bbox 171 4407 283 4478; x_wconf 88' lang='lat' dir='ltr'>ponitus</span> <span class='ocrx_word' id='word_1_265' title='bbox 305 4405 466 4461; x_wconf 85' lang='lat' dir='ltr'>exhausisse</span> <span class='ocrx_word' id='word_1_266' title='bbox 485 4405 603 4460; x_wconf 87' lang='lat' dir='ltr'>uidetur.</span> 
     </span>
     <span class='ocr_line' id='line_1_39' title="bbox 243 4493 1317 4569; baseline -0.005 -18"><span class='ocrx_word' id='word_1_267' title='bbox 243 4496 264 4563; x_wconf 73' lang='lat'>⁹)</span> <span class='ocrx_word' id='word_1_268' title='bbox 283 4495 318 4551; x_wconf 80' lang='lat' dir='ltr'>ci.</span> <span class='ocrx_word' id='word_1_269' title='bbox 333 4496 377 4552; x_wconf 90' lang='lat' dir='ltr'>W.</span> <span class='ocrx_word' id='word_1_270' title='bbox 393 4494 425 4550; x_wconf 84' lang='lat' dir='ltr'>G.</span> <span class='ocrx_word' id='word_1_271' title='bbox 436 4493 572 4561; x_wconf 82' lang='lat' dir='ltr'>Olarkius,</span> <span class='ocrx_word' id='word_1_272' title='bbox 587 4495 702 4550; x_wconf 86' lang='lat' dir='ltr'>Journal</span> <span class='ocrx_word' id='word_1_273' title='bbox 717 4495 747 4550; x_wconf 83' lang='lat' dir='ltr'>of</span> <span class='ocrx_word' id='word_1_274' title='bbox 759 4496 901 4569; x_wconf 80' lang='lat' dir='ltr'>Philology</span> <span class='ocrx_word' id='word_1_275' title='bbox 919 4495 972 4550; x_wconf 92' lang='lat' dir='ltr'>uol.</span> <span class='ocrx_word' id='word_1_276' title='bbox 988 4496 1029 4549; x_wconf 92' lang='lat' dir='ltr'>III</span> <span class='ocrx_word' id='word_1_277' title='bbox 1045 4512 1085 4548; x_wconf 92' lang='lat' dir='ltr'>nr.</span> <span class='ocrx_word' id='word_1_278' title='bbox 1101 4496 1181 4566; x_wconf 82' lang='lat' dir='ltr'>Vpg.</span> <span class='ocrx_word' id='word_1_279' title='bbox 1194 4497 1244 4550; x_wconf 84' lang='grc'>159</span> <span class='ocrx_word' id='word_1_280' title='bbox 1260 4511 1317 4566; x_wconf 86' lang='lat' dir='ltr'>sqq.</span> 
     </span>
    </p>
   </div>
   <div class='ocr_carea' id='block_1_6' title="bbox 0 0 1494 5114">
    <p class='ocr_par' dir='ltr' id='par_1_10' title="bbox 0 0 1494 5114">
     <span class='ocr_line' id='line_1_40' title="bbox 0 0 1494 5114; baseline 0 0"><span class='ocrx_word' id='word_1_281' title='bbox 0 0 1494 5114; x_wconf 95' lang='lat' dir='ltr'> </span> 
     </span>
    </p>
   </div>
  </div>
 </body>
</html>
