3016 5122
502 433 545 442 -
593 393 682 484 [να]
730 434 773 442 -
1065 303 1068 312 ¹
1168 398 1209 462 οτ

63 581 103 653 τδ
127 581 188 676 γάρ
213 583 394 679 άνοόμαλον
417 597 475 676 τῆς
493 599 595 677 τομῆς
634 589 636 660 1
677 590 900 677 σθενέστερον
925 591 961 657 δέ
979 590 1049 658 ἐστι
1073 645 1209 658 .....

62 693 251 784 παχύτητος
280 694 382 779 δόξαν
411 695 593 784 ἐργάζεται·

63 795 161 890 ὅπερ
184 814 371 872 ποιοῦσιν
396 803 433 871 οἱ
453 809 595 891 βυρσο-

65 912 190 996 δέψαι.
365 907 367 911 ¹

151 1084 204 1147 Ad
227 1105 253 1146 v.
278 1085 358 1149 301:

112 1189 133 1255 S
157 1189 180 1256 ε.
204 1192 243 1274 gl.
267 1183 546 1269 Ἀδεκατεύτονς·
635 1188 656 1267 δ’

62 1291 305 1385 άτελωνήτονς,
329 1291 388 1376 τὰς
411 1290 473 1383 γάρ
498 1294 594 1363 δεκά-

61 1427 120 1481 τας
152 1413 222 1469 τῶν
256 1410 395 1471 κοιλιῶν
429 1413 500 1469 τῶν
532 1412 595 1471 θν-

62 1511 195 1595 ομένων
224 1511 380 1579 ἐδίδοσαν
407 1505 469 1600 τὴν
499 1508 594 1578 δεκά-

61 1642 123 1704 την
151 1633 272 1704 μοῖραν
297 1618 337 1684 έν
364 1628 419 1705 τῷ
447 1644 594 1706 πρυτα-

61 1729 164 1811 νείω.

150 1915 201 1979 Ad
224 1937 251 1979 v.
276 1914 355 1979 369:

173 2040 194 2105 S
218 2064 241 2106 s.
264 2040 304 2124 gl.
328 2036 477 2109 Ξαίνειν·

61 2201 67 2212 .
81 2201 86 2212 .
100 2201 105 2212 .
119 2201 124 2212 .
138 2144 170 2213 οἱ
179 2139 241 2233 γάρ
255 2142 386 2232 βύρσεις
399 2141 458 2224 τὰς
470 2143 593 2234 βύρσας

60 2252 171 2337 ξύλοις
185 2251 324 2320 τύπτειν
341 2252 513 2334 εἰώθασιν,
529 2252 592 2318 ἵνα

59 2354 208 2427 άπαλαὶ
226 2357 438 2447 γενόμεναι
459 2357 592 2426 διαλά-

58 2473 169 2550 βοιεν
200 2461 368 2555 εὐχερῶς
396 2476 466 2533 τοῦ
495 2491 591 2552 φαρ-

58 2572 196 2659 μάκοο

147 2746 206 2810 Ad.
230 2768 257 2811 v.
281 2745 358 2811 518:

152 2869 173 2934 S
200 2892 222 2935 s.
242 2872 282 2954 gl.
306 2863 503 2947 Ἑπετείοος·

61 3030 67 3040 .
93 3031 98 3041 .
126 3029 132 3042 .
157 2969 200 3063 μη
227 2977 444 3072 διαμένοντας
468 2975 505 3041 έν
523 2989 594 3054 τοῖς

57 3077 172 3162 αὐτοῖς
196 3077 270 3165 άεὶ,
294 3078 488 3170 άψικόρονς.

145 3256 196 3320 Ad
218 3277 245 3319 v.
269 3253 348 3319 534:

176 3381 197 3446 S
221 3402 244 3444 s,
263 3380 303 3464 gl.
328 3383 473 3456 Κοννᾶς·

57 3539 63 3550 .
86 3540 91 3551 .
113 3538 119 3549 .
142 3475 177 3563 ὃς
196 3485 242 3564 εἰς
260 3478 302 3552 τά
323 3481 490 3569 συμπόσια
506 3509 588 3571 παρ-

55 3601 97 3680 ῆν
136 3584 187 3657 άεὶ
224 3592 427 3678 ἐστεμμένος.
470 3585 490 3679 ἢ
528 3583 589 3658 ότι

55 3693 307 3787 Ὀλυμπιονίκης
329 3696 508 3784 γενόμενος
530 3699 588 3781 πέ-

57 3832 115 3894 νης
156 3795 213 3893 ἦν,
254 3807 355 3894 μηδεν
398 3798 587 3893 έτερονῆ

56 3911 196 3980 κότινον
216 3910 309 3997 έχων.
334 3907 354 4000 ἢ
375 3905 427 3980 ότι
446 3904 588 4000 αύλητης

55 4011 97 4109 ἦν
126 4014 275 4107 άριστος,
306 4017 477 4108 πενιχρός,
505 4025 587 4085 πολ-

56 4125 150 4206 λάκις
183 4131 427 4209 στεφανωθεὶς·
465 4120 517 4210 ἐφ’
546 4117 587 4193 οὗ

56 4239 222 4319 Κρατῖνος
253 4232 359 4301 εἶπεν·
391 4229 503 4301 ’Ἑσθιε
531 4236 587 4298 καὶ

58 4350 97 4425 σῇ
116 4343 233 4426 γαστρὶ
253 4343 348 4408 δίδον
365 4339 472 4429 χάριν,
496 4335 586 4426 ὄφρα

57 4468 92 4516 σε
126 4439 219 4532 λιμός
251 4441 417 4535 Ἑχθαίρη,
453 4452 586 4525 Κοννᾶς
624 4446 627 4533 δ

678 751 711 762 ..
792 690 832 763 τὸ
860 690 922 784 γάρ
951 693 1130 784 άνώμαλον
1153 709 1211 786 τῆς

676 814 778 893 τομῆς
795 803 983 894 παχύτητος
999 804 1101 888 δόξαν
1116 804 1209 893 ε’ρχά-

635 919 637 1015 χ
678 919 775 994 ζεται.

910 1191 982 1256 VS:

677 1289 732 1383 Μη
753 1295 925 1363 δεδωκότα
945 1291 1002 1363 ἀπ’
1018 1292 1131 1364 αύτων
1147 1293 1208 1387 την

678 1402 819 1492 δεκάτην
852 1417 974 1490 μοῖραν
1004 1411 1075 1484 τοϊς
1104 1413 1207 1485 θεοῖς.

677 1509 758 1590 έθος
780 1505 842 1599 γάρ
867 1511 957 1598 εἶχον
980 1506 1039 1592 τάς
1068 1512 1209 1593 δεκάτας

675 1627 746 1685 τῶν
761 1621 943 1705 θυομένων·
958 1635 1043 1700 τοῖς
1060 1620 1208 1710 πρυτά-

676 1744 785 1793 νεσιν
805 1724 838 1793 οἱ
855 1724 1005 1814 μάγειροι
1021 1726 1206 1796 διδόναι...

906 2041 977 2107 VO:

675 2199 680 2210 .
708 2200 713 2210 .
740 2199 745 2211 .
776 2200 782 2210 .
811 2150 868 2212 καὶ
899 2141 961 2235 γάρ
993 2144 1053 2227 τὰς
1084 2147 1207 2236 βύρσας

673 2250 783 2335 ξύλοις
800 2250 939 2320 τύπτειν
954 2252 1127 2336 εἰώθασιν,
1143 2256 1206 2323 ἵνα

675 2354 822 2427 άπαλαὶ
854 2351 964 2429 οόσιν·
1007 2361 1108 2430 ένιοι
1151 2364 1205 2444 δὲ,

674 2466 737 2533 ἵνα
771 2466 1000 2551 διαλάβοιεν
1038 2464 1206 2556 εύχερως

673 2583 744 2640 τοῦ
768 2573 985 2661 φαρμάκου.

902 2871 972 2936 VS:

675 3029 680 3040 .
708 3029 713 3041 .
740 3029 746 3041 .
770 2969 814 3063 μὴ
835 2968 1052 3062 διαμένοντας
1075 2977 1111 3043 ἐν
1134 2992 1204 3056 τοῖς

674 3076 796 3164 αύτοῑς,
821 3076 917 3150 άλλά
942 3077 1135 3170 άψικόρους.

903 3372 976 3443 VO:

671 3537 677 3549 .
703 3537 709 3549 .
736 3536 742 3548 .
768 3474 805 3562 δς
828 3483 874 3562 εἰς
893 3481 1060 3568 συμπόσια
1082 3481 1202 3570 παρῄει

671 3585 722 3657 άεὶ
745 3590 950 3676 ἐστεμμένος.
976 3581 1074 3669 οὗτος
1093 3583 1201 3676 Ὀλυμ-

669 3700 823 3785 πιονίκης
845 3695 1024 3783 γενόμενος
1046 3700 1103 3763 καὶ
1120 3703 1201 3764 πολ-

669 3802 762 3884 λάκις
791 3808 1026 3888 στεφανωθεὶς
1045 3798 1201 3891 πενιχρός

668 3903 720 4001 ἦν,
747 3912 850 4000 μηδὲν
874 3909 959 3996 έχων
983 3904 1068 3976 ἄλλ’
1097 3904 1198 3999 ἢκό-

668 4043 771 4086 τινον.
802 4009 1198 4105 έςοόύΚρατῖνοςεῑπεν·

662 4119 774 4193 ’Ἑσθιε
798 4128 855 4192 καὶ
879 4135 918 4210 σῇ
942 4127 997 4212 (τῇ
1019 4129 1061 4215 Θ)
1084 4128 1201 4211 γαστρὶ

669 4235 763 4300 δίδον
789 4230 897 4319 χάριν,
925 4227 1015 4320 όφρα
1043 4250 1078 4298 σε
1106 4225 1200 4318 λιμός

667 4332 830 4426 Ἐχθαίρη,
858 4345 991 4418 Κοννᾶς
1020 4340 1056 4405 δὲ
1078 4345 1199 4406 πολυ-

1023 4554 1037 4606 7
