2978 5114
274 357 317 423 34
642 356 645 361 ’
709 395 750 406 -
797 357 892 440 [178]
939 395 980 405 -

274 553 406 616 ιίίοίίονί
429 552 557 634 aliquid
578 553 754 634 prauitatis
773 552 972 629 οουιίίίανεί;
996 551 1171 637 Toupius1)
1192 552 1334 634 denique
1353 563 1425 616 'ree

274 665 352 734 tam,
385 679 448 739 qua
479 658 532 722 hie
563 659 650 723 locus
666 652 785 722 'sanari
812 664 931 741 posset,
965 659 1048 722 uiam
1076 657 1238 741 ingressus
1268 679 1338 723 esse
1367 658 1427 723 sibi

215 776 220 783 ‘
274 765 360 829 uisus
384 770 441 841 est,
466 786 536 829 cum
555 764 672 829 Suidae
696 765 885 847 scripturam
907 785 928 828 a
950 785 1026 828 uero
1045 764 1186 847 proxime
1204 763 1320 830 abesse
1340 771 1426 829 ratus

156 885 161 894 '
274 876 341 934 ίααι
364 872 456 935 metri
479 876 545 934 ίιιιιι
568 872 720 935 οίίίσίενιλ
740 872 851 953 prelia

478 978 661 1057 ξυναυλίαν
684 973 900 1064 πενθήσομεν
923 969 1087 1060 Ὀλύμπου
1111 972 1219 1060 νόμον

273 1084 489 1166 reponendum
512 1105 580 1148 esse
603 1089 752 1149 moneret.

363 1190 406 1254 At
438 1191 518 1254 male
550 1191 601 1255 hic
628 1196 731 1255 metro
757 1190 949 1254 consuluisse
977 1190 1105 1254 uidetur
1132 1191 1182 1253 uir
1212 1189 1425 1264 doctissimum

274 1298 391 1359 etenim
423 1298 571 1378 quoniam
604 1297 777 1360 docuerunt
805 1297 975 1373 Personus,
1009 1295 1045 1360 G.
1073 1295 1290 1373 Hermannus,
1323 1297 1425 1360 West

274 1403 399 1485 phalius
432 1424 592 1467 caesuram
621 1409 693 1486 post
719 1402 898 1468 absolutum
926 1404 1038 1486 pedem
1065 1402 1199 1467 alterum
1230 1403 1279 1467 ita
1301 1408 1424 1466 tantum

273 1509 359 1590 apud
381 1514 490 1591 poetas
514 1510 651 1592 tragicos
675 1509 871 1591 comicosque
894 1509 971 1572 ferri
994 1529 1094 1591 posse,
1117 1514 1153 1572 ut
1176 1508 1273 1572 simul
1297 1531 1425 1574 caesura

274 1614 561 1696 hephthemimeres
580 1616 611 1678 in
628 1615 737 1678 eodem
751 1637 845 1679 uersu
861 1614 1081 1691 intercederet,
1098 1615 1172 1678 huic
1185 1615 1318 1698 regulae
1333 1617 1423 1679 satis-

276 1721 351 1785 facit
374 1742 484 1785 uersus

448 1828 629 1907 ξυναυλίαν
650 1827 654 1912 l
675 1823 872 1911 κλαύσωμεν
894 1827 897 1913 l
921 1819 1102 1912 Οὐλύμπου
1130 1824 1250 1912 νόμον,

274 1932 462 1997 obuersatur
484 1954 604 2011 uersus,
627 1933 729 2016 qualis
751 1956 772 1998 a
794 1934 915 2017 Toupio
939 1957 956 1998 e
980 1934 1078 1999 Suida
1100 1935 1269 1999 restitutus
1294 1938 1358 1998 est:

479 2040 660 2120 ξυναυλίαν
682 2036 899 2126 πενθήσομεν
917 2032 1080 2124 Ὀλύμπου
1104 2036 1220 2124 νόμον.

275 2144 379 2221 Quare
402 2150 575 2210 statuemus
599 2145 740 2210 consulto
764 2146 824 2232 hoc
846 2147 916 2212 loco
935 2146 1181 2229 Aristophanem
1202 2145 1339 2210 formam
1361 2139 1420 2210 θύ-

274 2247 408 2333 λύμπου
435 2251 630 2327 adhibuisse,
661 2257 698 2314 ut
726 2252 777 2316 uel
809 2273 885 2316 sone
918 2253 1087 2317 clamorem
1114 2253 1332 2336 gemitumque
1361 2274 1420 2315 ser-

275 2378 386 2420 uorum
410 2358 602 2441 depingeret.

363 2465 421 2528 His
450 2465 567 2528 similes
595 2470 705 2529 extant
732 2466 854 2549 aliquot
881 2466 955 2540 loci,
984 2464 1098 2546 quibus
1127 2463 1242 2529 Suidas
1271 2486 1350 2528 uoce
1373 2463 1421 2527 uel

275 2572 483 2652 praecedente
511 2571 562 2633 uel
596 2572 780 2652 insequente
809 2571 958 2653 deeeptus
987 2571 1208 2653 Aristophanis
1238 2572 1339 2636 uerba
1366 2573 1420 2634 im-

274 2679 425 2740 mutauit:
450 2677 550 2739 ueluti
574 2668 989 2762 vocalissimumque
1012 2672 1237 2755 κατάπαστος,
1261 2677 1318 2740 nbi
1337 2667 1420 2763 ἥξεις

275 2804 333 2862 pro
358 2778 471 2858 ἔλθοις
495 2805 533 2846 ex
556 2806 583 2847 v.
607 2782 671 2846 497
690 2774 815 2865 χοίπως
833 2821 875 2830 -
895 2772 982 2869 ἥξεις
1004 2778 1107 2847 πάλιν
1133 2784 1165 2846 in
1189 2782 1274 2847 h'une
1298 2803 1420 2847 uersum

275 2889 522 2977 transmigrauit.
578 2888 733 2953 Similiter
760 2890 879 2952 errauit
902 2889 935 2952 in
963 2910 990 2952 v.
1017 2890 1102 2953 1312
1131 2886 1189 2953 ἐπὶ·
1213 2880 1253 2953 τὸ
1281 2892 1420 2975 Θησεῖον

275 2993 349 3074 (om.
373 2990 567 3079 πλεούσαις)
590 2988 611 3082 ἢ
635 2993 783 3059 ἐπὶτῶν
807 2998 951 3078 Σεμνῶν
975 3002 1080 3075 θεῶν,
1107 3001 1202 3079 atque
1226 2996 1259 3057 in
1283 3018 1310 3060 v.
1338 2994 1420 3059 1355

276 3096 471 3184 αἰσχύνομαι
498 3113 570 3177 ταῖς
596 3099 776 3186 προτέραις
803 3092 977 3187 ἁμαρτίαις
1002 3123 1060 3184 pro
1084 3097 1253 3186 πρότερον
1277 3101 1420 3165 exarauit

274 3205 465 3291 προτέραιςς
497 3208 591 3271 etiam
624 3209 657 3270 in
690 3229 716 3270 v.
745 3207 807 3271 311
844 3200 1124 3295 ἄνακεκούφηκας,
1156 3228 1237 3291 quae
1269 3229 1332 3270 uox
1364 3227 1420 3289 pro

275 3309 550 3401 ἑκκεκοίφηκαςί)
587 3320 719 3397 propter
751 3306 1029 3400 ἀνατετυρβακώς
1061 3336 1171 3378 uersus
1203 3314 1420 3397 praecedentis

274 3417 355 3482 falso
379 3442 399 3483 a
422 3419 520 3484 Suida
542 3421 669 3502 depicta
691 3428 747 3486 est.

363 3632 499 3697 Leuiora
530 3639 636 3697 autem
669 3633 749 3698 uitia
776 3639 809 3698 et
840 3635 1000 3699 oculorum
1030 3655 1138 3699 errore
1167 3639 1239 3697 orta
1266 3633 1327 3697 etsi
1359 3653 1419 3696 non

274 3746 360 3802 certo
385 3745 489 3822 potest
516 3740 651 3804 discerni
674 3745 779 3803 utrum
803 3741 864 3823 ipsi
888 3739 1006 3805 Suidae
1035 3762 1076 3805 an
1100 3740 1243 3805 codicum
1265 3737 1418 3803 Suidane-

274 3866 344 3907 rum
366 3844 505 3909 librariis
528 3846 651 3911 crimini
675 3847 780 3909 danda
804 3847 881 3922 sint,
903 3847 982 3911 haec
1005 3852 1110 3910 tamen
1134 3867 1215 3927 quae
1238 3850 1418 3928 sequuntur,

274 3951 349 4034 quia
375 3953 475 4034 magis
502 3952 716 4036 compilatoris
739 3974 855 4035 paucos
882 3975 991 4018 uersus
1024 3959 1114 4017 extra
1141 3952 1284 4017 ordinem
1312 3952 1417 4015 decer-

273 4059 377 4138 pentis
414 4081 508 4140 quam
543 4058 667 4123 librarii
699 4064 799 4123 totam
831 4058 971 4124 fabulam
1003 4061 1185 4124 continuam
1221 4057 1418 4140 depingentis

346 4307 364 4370 ¹)
384 4306 516 4360 Emeudd.
536 4304 564 4358 in
584 4304 695 4359 Suidam
715 4307 755 4360 III
774 4322 818 4374 pg.
838 4307 899 4362 438.

346 4394 366 4459 2)
386 4410 454 4449 corr.
474 4393 593 4447 Dindorf
611 4389 832 4463 ἐκκεκώφωκας.
