<?xml version="1.0" encoding="UTF-8"?>
<!DOCTYPE html PUBLIC "-//W3C//DTD XHTML 1.0 Transitional//EN"
    "http://www.w3.org/TR/xhtml1/DTD/xhtml1-transitional.dtd">
<html xmlns="http://www.w3.org/1999/xhtml" xml:lang="en" lang="en">
 <head>
  <title>
</title>
<meta http-equiv="Content-Type" content="text/html;charset=utf-8" />
  <meta name='ocr-system' content='tesseract 3.04.00' />
  <meta name='ocr-capabilities' content='ocr_page ocr_carea ocr_par ocr_line ocrx_word'/>
</head>
<body>
  <div class='ocr_page' id='page_1' title='image "./dearistophanise00bngoog_0077.png"; bbox 0 0 2978 5114; ppageno 0'>
   <div class='ocr_carea' id='block_1_1' title="bbox 688 391 966 474">
    <p class='ocr_par' dir='ltr' id='par_1_1' title="bbox 688 391 966 474">
     <span class='ocr_line' id='line_1_1' title="bbox 688 391 966 474; baseline 0 -20"><span class='ocrx_word' id='word_1_1' title='bbox 688 431 728 439; x_wconf 90' lang='lat'>-</span> <span class='ocrx_word' id='word_1_2' title='bbox 780 391 875 474; x_wconf 81' lang='lat' dir='ltr'><strong>[arc]</strong></span> <span class='ocrx_word' id='word_1_3' title='bbox 924 430 966 439; x_wconf 91' lang='lat'><em>-</em></span> 
     </span>
    </p>
   </div>
   <div class='ocr_carea' id='block_1_2' title="bbox 189 586 1404 2473">
    <p class='ocr_par' dir='ltr' id='par_1_2' title="bbox 189 586 1404 2473">
     <span class='ocr_line' id='line_1_2' title="bbox 255 586 1402 669; baseline -0.003 -17"><span class='ocrx_word' id='word_1_4' title='bbox 255 611 274 652; x_wconf 89' lang='lat' dir='ltr'><strong>a</strong></span> <span class='ocrx_word' id='word_1_5' title='bbox 296 587 427 652; x_wconf 88' lang='lat' dir='ltr'><strong>librario</strong></span> <span class='ocrx_word' id='word_1_6' title='bbox 451 586 588 669; x_wconf 90' lang='lat' dir='ltr'><strong>quodam</strong></span> <span class='ocrx_word' id='word_1_7' title='bbox 611 591 759 650; x_wconf 87' lang='lat' dir='ltr'><strong>exaratus</strong></span> <span class='ocrx_word' id='word_1_8' title='bbox 781 587 910 651; x_wconf 90' lang='lat' dir='ltr'><strong>uidetur</strong></span> <span class='ocrx_word' id='word_1_9' title='bbox 929 606 1005 661; x_wconf 86' lang='lat' dir='ltr'><strong>esse,</strong></span> <span class='ocrx_word' id='word_1_10' title='bbox 1029 586 1083 668; x_wconf 93' lang='lat' dir='ltr'><strong>qui</strong></span> <span class='ocrx_word' id='word_1_11' title='bbox 1106 607 1176 650; x_wconf 92' lang='lat' dir='ltr'><strong>cum</strong></span> <span class='ocrx_word' id='word_1_12' title='bbox 1194 586 1235 650; x_wconf 91' lang='lat' dir='ltr'><strong>de</strong></span> <span class='ocrx_word' id='word_1_13' title='bbox 1254 607 1312 650; x_wconf 90' lang='lat' dir='ltr'><strong>sua</strong></span> <span class='ocrx_word' id='word_1_14' title='bbox 1329 587 1402 649; x_wconf 93' lang='lat' dir='ltr'><strong>doc-</strong></span> 
     </span>
     <span class='ocr_line' id='line_1_3' title="bbox 254 692 1403 776; baseline -0.003 -17"><span class='ocrx_word' id='word_1_15' title='bbox 254 694 340 760; x_wconf 88' lang='lat' dir='ltr'><strong>trina</strong></span> <span class='ocrx_word' id='word_1_16' title='bbox 362 693 529 776; x_wconf 88' lang='lat' dir='ltr'><strong>quicquam</strong></span> <span class='ocrx_word' id='word_1_17' title='bbox 554 692 679 757; x_wconf 76' lang='lat' dir='ltr'>adicere</span> <span class='ocrx_word' id='word_1_18' title='bbox 703 693 814 768; x_wconf 87' lang='lat' dir='ltr'><strong>nollet,</strong></span> <span class='ocrx_word' id='word_1_19' title='bbox 841 693 909 761; x_wconf 88' lang='lat' dir='ltr'><strong>sola</strong></span> <span class='ocrx_word' id='word_1_20' title='bbox 932 713 983 767; x_wconf 88' lang='lat' dir='ltr'><strong>ea,</strong></span> <span class='ocrx_word' id='word_1_21' title='bbox 1011 713 1091 776; x_wconf 87' lang='lat' dir='ltr'><strong>quae</strong></span> <span class='ocrx_word' id='word_1_22' title='bbox 1116 693 1148 754; x_wconf 91' lang='lat' dir='ltr'><strong>in</strong></span> <span class='ocrx_word' id='word_1_23' title='bbox 1171 693 1403 758; x_wconf 86' lang='lat' dir='ltr'><strong>commentariis</strong></span> 
     </span>
     <span class='ocr_line' id='line_1_4' title="bbox 255 798 1402 884; baseline -0.003 -19"><span class='ocrx_word' id='word_1_24' title='bbox 255 800 549 884; x_wconf 84' lang='lat' dir='ltr'><strong>supramemoratis</strong></span> <span class='ocrx_word' id='word_1_25' title='bbox 569 799 702 864; x_wconf 89' lang='lat' dir='ltr'><strong>collecta</strong></span> <span class='ocrx_word' id='word_1_26' title='bbox 719 798 851 873; x_wconf 87' lang='lat' dir='ltr'><strong>inuenit,</strong></span> <span class='ocrx_word' id='word_1_27' title='bbox 870 799 903 862; x_wconf 90' lang='lat' dir='ltr'><strong>in</strong></span> <span class='ocrx_word' id='word_1_28' title='bbox 921 798 1038 863; x_wconf 90' lang='lat' dir='ltr'><strong>librum</strong></span> <span class='ocrx_word' id='word_1_29' title='bbox 1056 820 1147 863; x_wconf 92' lang='lat' dir='ltr'><strong>suum</strong></span> <span class='ocrx_word' id='word_1_30' title='bbox 1171 799 1344 864; x_wconf 77' lang='lat' dir='ltr'><strong>transtulit.</strong></span> <span class='ocrx_word' id='word_1_31' title='bbox 1365 835 1402 844; x_wconf 81' lang='lat'><strong>--</strong></span> 
     </span>
     <span class='ocr_line' id='line_1_5' title="bbox 343 903 1403 993; baseline -0.005 -22"><span class='ocrx_word' id='word_1_32' title='bbox 343 907 499 993; x_wconf 82' lang='lat' dir='ltr'>Quoniam</span> <span class='ocrx_word' id='word_1_33' title='bbox 521 908 626 969; x_wconf 87' lang='lat' dir='ltr'><strong>autem</strong></span> <span class='ocrx_word' id='word_1_34' title='bbox 649 904 787 969; x_wconf 91' lang='lat' dir='ltr'><strong>uidimus</strong></span> <span class='ocrx_word' id='word_1_35' title='bbox 811 903 927 969; x_wconf 85' lang='lat' dir='ltr'><strong>Suidae</strong></span> <span class='ocrx_word' id='word_1_36' title='bbox 956 926 1082 988; x_wconf 90' lang='lat' dir='ltr'><strong>quoque</strong></span> <span class='ocrx_word' id='word_1_37' title='bbox 1107 905 1225 970; x_wconf 91' lang='lat' dir='ltr'><strong>librum</strong></span> <span class='ocrx_word' id='word_1_38' title='bbox 1249 904 1403 988; x_wconf 89' lang='lat' dir='ltr'><strong>quondam</strong></span> 
     </span>
     <span class='ocr_line' id='line_1_6' title="bbox 255 995 1404 1096; baseline -0.004 -18"><span class='ocrx_word' id='word_1_39' title='bbox 255 1014 502 1096; x_wconf 87' lang='lat' dir='ltr'><strong>manuscriptum</strong></span> <span class='ocrx_word' id='word_1_40' title='bbox 525 1017 651 1094; x_wconf 90' lang='lat' dir='ltr'><strong>praesto</strong></span> <span class='ocrx_word' id='word_1_41' title='bbox 675 1011 781 1087; x_wconf 84' lang='lat' dir='ltr'><strong>fnisse,</strong></span> <span class='ocrx_word' id='word_1_42' title='bbox 804 995 866 1075; x_wconf 86' lang='lat' dir='ltr'><strong>uon</strong></span> <span class='ocrx_word' id='word_1_43' title='bbox 888 1011 920 1075; x_wconf 92' lang='lat' dir='ltr'><strong>in</strong></span> <span class='ocrx_word' id='word_1_44' title='bbox 940 1031 978 1075; x_wconf 89' lang='lat' dir='ltr'><strong>ea</strong></span> <span class='ocrx_word' id='word_1_45' title='bbox 997 1012 1180 1092; x_wconf 80' lang='lat' dir='ltr'><strong>quaestione</strong></span> <span class='ocrx_word' id='word_1_46' title='bbox 1200 1009 1404 1086; x_wconf 86' lang='lat' dir='ltr'><strong>uersabimur,</strong></span> 
     </span>
     <span class='ocr_line' id='line_1_7' title="bbox 189 1116 1403 1202; baseline -0.002 -19"><span class='ocrx_word' id='word_1_47' title='bbox 189 1164 191 1168; x_wconf 90' lang='lat'><em>-</em></span> <span class='ocrx_word' id='word_1_48' title='bbox 255 1121 331 1202; x_wconf 90' lang='lat' dir='ltr'><strong>quid</strong></span> <span class='ocrx_word' id='word_1_49' title='bbox 360 1141 398 1183; x_wconf 89' lang='lat' dir='ltr'><strong>ex</strong></span> <span class='ocrx_word' id='word_1_50' title='bbox 421 1119 538 1184; x_wconf 84' lang='lat' dir='ltr'><strong>Suidae</strong></span> <span class='ocrx_word' id='word_1_51' title='bbox 560 1116 819 1183; x_wconf 82' lang='lat' dir='ltr'><strong>adnotationibus</strong></span> <span class='ocrx_word' id='word_1_52' title='bbox 846 1118 887 1182; x_wconf 87' lang='lat' dir='ltr'><strong>ad</strong></span> <span class='ocrx_word' id='word_1_53' title='bbox 915 1119 1136 1200; x_wconf 87' lang='lat' dir='ltr'><strong>grammaticos</strong></span> <span class='ocrx_word' id='word_1_54' title='bbox 1163 1116 1403 1192; x_wconf 83' lang='lat' dir='ltr'><strong>Alexandrinos,</strong></span> 
     </span>
     <span class='ocr_line' id='line_1_8' title="bbox 198 1205 1402 1308; baseline -0.002 -18"><span class='ocrx_word' id='word_1_55' title='bbox 198 1232 200 1237; x_wconf 85' lang='lat'>&#39;</span> <span class='ocrx_word' id='word_1_56' title='bbox 255 1225 494 1300; x_wconf 80' lang='lat' dir='ltr'><strong>Callimachum,</strong></span> <span class='ocrx_word' id='word_1_57' title='bbox 522 1205 780 1299; x_wconf 80' lang='lat' dir='ltr'><strong>Eratosthenem,</strong></span> <span class='ocrx_word' id='word_1_58' title='bbox 809 1223 1054 1306; x_wconf 76' lang='lat' dir='ltr'><strong>Aristophanem</strong></span> <span class='ocrx_word' id='word_1_59' title='bbox 1076 1223 1279 1308; x_wconf 82' lang='lat' dir='ltr'><strong>Byzantium,</strong></span> <span class='ocrx_word' id='word_1_60' title='bbox 1307 1222 1402 1306; x_wconf 83' lang='lat' dir='ltr'><strong>Lyco·</strong></span> 
     </span>
     <span class='ocr_line' id='line_1_9' title="bbox 221 1329 1403 1415; baseline -0.003 -20"><span class='ocrx_word' id='word_1_61' title='bbox 221 1377 223 1380; x_wconf 28' lang='grc' dir='ltr'><em>ψ</em></span> <span class='ocrx_word' id='word_1_62' title='bbox 254 1331 431 1414; x_wconf 88' lang='lat' dir='ltr'><strong>phrontem,</strong></span> <span class='ocrx_word' id='word_1_63' title='bbox 456 1332 633 1415; x_wconf 86' lang='lat' dir='ltr'><strong>Didymum,</strong></span> <span class='ocrx_word' id='word_1_64' title='bbox 657 1329 885 1414; x_wconf 82' lang='lat' dir='ltr'><strong>Symmachum,</strong></span> <span class='ocrx_word' id='word_1_65' title='bbox 907 1330 1066 1395; x_wconf 85' lang='lat' dir='ltr'><strong>Phainum</strong></span> <span class='ocrx_word' id='word_1_66' title='bbox 1090 1330 1131 1394; x_wconf 91' lang='lat' dir='ltr'><strong>sit</strong></span> <span class='ocrx_word' id='word_1_67' title='bbox 1150 1329 1352 1395; x_wconf 86' lang='lat' dir='ltr'><strong>referendum</strong></span> <span class='ocrx_word' id='word_1_68' title='bbox 1373 1335 1403 1392; x_wconf 90' lang='lat' dir='ltr'><strong>ct</strong></span> 
     </span>
     <span class='ocr_line' id='line_1_10' title="bbox 225 1436 1403 1519; baseline -0.002 -18"><span class='ocrx_word' id='word_1_69' title='bbox 225 1508 228 1515; x_wconf 44' lang='grc'>,</span> <span class='ocrx_word' id='word_1_70' title='bbox 255 1437 332 1519; x_wconf 89' lang='lat' dir='ltr'><strong>quid</strong></span> <span class='ocrx_word' id='word_1_71' title='bbox 355 1437 487 1519; x_wconf 86' lang='lat' dir='ltr'><strong>singulis</strong></span> <span class='ocrx_word' id='word_1_72' title='bbox 515 1459 554 1502; x_wconf 85' lang='lat' dir='ltr'><strong>ex</strong></span> <span class='ocrx_word' id='word_1_73' title='bbox 581 1437 631 1500; x_wconf 93' lang='lat' dir='ltr'><strong>his</strong></span> <span class='ocrx_word' id='word_1_74' title='bbox 658 1437 701 1501; x_wconf 86' lang='lat' dir='ltr'><strong>sit</strong></span> <span class='ocrx_word' id='word_1_75' title='bbox 723 1436 982 1512; x_wconf 86' lang='lat' dir='ltr'><strong>adtribuendum,</strong></span> <span class='ocrx_word' id='word_1_76' title='bbox 1010 1436 1064 1500; x_wconf 93' lang='lat' dir='ltr'><strong>sed</strong></span> <span class='ocrx_word' id='word_1_77' title='bbox 1088 1440 1197 1501; x_wconf 80' lang='lat' dir='ltr'><strong>utrum</strong></span> <span class='ocrx_word' id='word_1_78' title='bbox 1220 1458 1260 1501; x_wconf 91' lang='lat' dir='ltr'><strong>ea</strong></span> <span class='ocrx_word' id='word_1_79' title='bbox 1282 1457 1403 1518; x_wconf 90' lang='lat' dir='ltr'><strong>quoque</strong></span> 
     </span>
     <span class='ocr_line' id='line_1_11' title="bbox 255 1541 1402 1626; baseline -0.003 -18"><span class='ocrx_word' id='word_1_80' title='bbox 255 1542 386 1619; x_wconf 89' lang='lat' dir='ltr'><strong>scholia,</strong></span> <span class='ocrx_word' id='word_1_81' title='bbox 416 1563 502 1625; x_wconf 67' lang='lat' dir='ltr'><strong>⁴quac</strong></span> <span class='ocrx_word' id='word_1_82' title='bbox 533 1542 647 1607; x_wconf 86' lang='lat' dir='ltr'><strong>Suidas</strong></span> <span class='ocrx_word' id='word_1_83' title='bbox 680 1565 718 1608; x_wconf 86' lang='lat' dir='ltr'><strong>cx</strong></span> <span class='ocrx_word' id='word_1_84' title='bbox 749 1543 857 1608; x_wconf 90' lang='lat' dir='ltr'><strong>codice</strong></span> <span class='ocrx_word' id='word_1_85' title='bbox 889 1543 1068 1608; x_wconf 89' lang='lat' dir='ltr'><strong>fabularum</strong></span> <span class='ocrx_word' id='word_1_86' title='bbox 1101 1541 1402 1626; x_wconf 82' lang='lat' dir='ltr'><strong>Aristophanearum</strong></span> 
     </span>
     <span class='ocr_line' id='line_1_12' title="bbox 254 1648 1403 1734; baseline -0.003 -20"><span class='ocrx_word' id='word_1_87' title='bbox 254 1650 371 1714; x_wconf 88' lang='lat' dir='ltr'><strong>hausta</strong></span> <span class='ocrx_word' id='word_1_88' title='bbox 388 1649 422 1713; x_wconf 90' lang='lat' dir='ltr'><strong>in</strong></span> <span class='ocrx_word' id='word_1_89' title='bbox 441 1650 563 1715; x_wconf 81' lang='lat' dir='ltr'><strong>lexicon</strong></span> <span class='ocrx_word' id='word_1_90' title='bbox 582 1671 673 1714; x_wconf 88' lang='lat' dir='ltr'><strong>suum</strong></span> <span class='ocrx_word' id='word_1_91' title='bbox 687 1649 895 1725; x_wconf 80' lang='lat' dir='ltr'><strong>transtulerit,</strong></span> <span class='ocrx_word' id='word_1_92' title='bbox 913 1649 1161 1734; x_wconf 84' lang='lat' dir='ltr'><strong>Byzantinorum</strong></span> <span class='ocrx_word' id='word_1_93' title='bbox 1178 1648 1403 1714; x_wconf 82' lang='lat' dir='ltr'><strong>additamentis</strong></span> 
     </span>
     <span class='ocr_line' id='line_1_13' title="bbox 216 1754 1402 1838; baseline 0.001 -21"><span class='ocrx_word' id='word_1_94' title='bbox 216 1812 218 1817; x_wconf 88' lang='lat'><em>.</em></span> <span class='ocrx_word' id='word_1_95' title='bbox 254 1755 422 1838; x_wconf 89' lang='lat' dir='ltr'><strong>inquinata</strong></span> <span class='ocrx_word' id='word_1_96' title='bbox 434 1754 553 1821; x_wconf 85' lang='lat' dir='ltr'><strong>fuerint</strong></span> <span class='ocrx_word' id='word_1_97' title='bbox 566 1776 673 1830; x_wconf 88' lang='lat' dir='ltr'><strong>necne,</strong></span> <span class='ocrx_word' id='word_1_98' title='bbox 687 1761 754 1820; x_wconf 92' lang='lat' dir='ltr'><strong>tum</strong></span> <span class='ocrx_word' id='word_1_99' title='bbox 769 1762 922 1838; x_wconf 89' lang='lat' dir='ltr'><strong>quantum</strong></span> <span class='ocrx_word' id='word_1_100' title='bbox 937 1779 975 1822; x_wconf 89' lang='lat' dir='ltr'><strong>cx</strong></span> <span class='ocrx_word' id='word_1_101' title='bbox 990 1756 1202 1821; x_wconf 88' lang='lat' dir='ltr'><strong>uetustiorum</strong></span> <span class='ocrx_word' id='word_1_102' title='bbox 1215 1755 1402 1821; x_wconf 81' lang='lat' dir='ltr'><strong>scholiorum</strong></span> 
     </span>
     <span class='ocr_line' id='line_1_14' title="bbox 254 1861 1402 1937; baseline -0.003 -10"><span class='ocrx_word' id='word_1_103' title='bbox 254 1863 405 1928; x_wconf 88' lang='lat' dir='ltr'><strong>thesauro</strong></span> <span class='ocrx_word' id='word_1_104' title='bbox 438 1862 471 1925; x_wconf 91' lang='lat' dir='ltr'><strong>in</strong></span> <span class='ocrx_word' id='word_1_105' title='bbox 499 1861 616 1927; x_wconf 86' lang='lat' dir='ltr'><strong>Suidao</strong></span> <span class='ocrx_word' id='word_1_106' title='bbox 643 1861 744 1926; x_wconf 86' lang='lat' dir='ltr'><strong>lexico</strong></span> <span class='ocrx_word' id='word_1_107' title='bbox 772 1868 934 1928; x_wconf 88' lang='lat' dir='ltr'><strong>seruatum</strong></span> <span class='ocrx_word' id='word_1_108' title='bbox 962 1863 1016 1937; x_wconf 80' lang='lat' dir='ltr'><strong>sit,</strong></span> <span class='ocrx_word' id='word_1_109' title='bbox 1049 1868 1082 1926; x_wconf 91' lang='lat' dir='ltr'><strong>et</strong></span> <span class='ocrx_word' id='word_1_110' title='bbox 1108 1884 1184 1927; x_wconf 92' lang='lat' dir='ltr'><strong>num</strong></span> <span class='ocrx_word' id='word_1_111' title='bbox 1215 1862 1402 1929; x_wconf 76' lang='lat' dir='ltr'><strong>scholiorum</strong></span> 
     </span>
     <span class='ocr_line' id='line_1_15' title="bbox 254 1967 1402 2053; baseline -0.003 -21"><span class='ocrx_word' id='word_1_112' title='bbox 254 1967 356 2034; x_wconf 84' lang='lat' dir='ltr'><strong>forma</strong></span> <span class='ocrx_word' id='word_1_113' title='bbox 379 1990 399 2032; x_wconf 93' lang='lat' dir='ltr'><strong>a</strong></span> <span class='ocrx_word' id='word_1_114' title='bbox 420 1968 581 2033; x_wconf 88' lang='lat' dir='ltr'><strong>codicibus</strong></span> <span class='ocrx_word' id='word_1_115' title='bbox 601 1967 841 2053; x_wconf 81' lang='lat' dir='ltr'><strong>Aristophancis</strong></span> <span class='ocrx_word' id='word_1_116' title='bbox 865 1990 904 2033; x_wconf 86' lang='lat' dir='ltr'><strong>ex</strong></span> <span class='ocrx_word' id='word_1_117' title='bbox 927 1969 1041 2052; x_wconf 88' lang='lat' dir='ltr'><strong>quibus</strong></span> <span class='ocrx_word' id='word_1_118' title='bbox 1061 1968 1181 2033; x_wconf 87' lang='lat' dir='ltr'><strong>scholia</strong></span> <span class='ocrx_word' id='word_1_119' title='bbox 1199 1969 1402 2033; x_wconf 90' lang='lat' dir='ltr'><strong>innotuerunt</strong></span> 
     </span>
     <span class='ocr_line' id='line_1_16' title="bbox 255 2073 1400 2159; baseline -0.003 -19"><span class='ocrx_word' id='word_1_120' title='bbox 255 2076 425 2157; x_wconf 85' lang='lat' dir='ltr'><strong>discrepet,</strong></span> <span class='ocrx_word' id='word_1_121' title='bbox 454 2073 588 2156; x_wconf 91' lang='lat' dir='ltr'><strong>denique</strong></span> <span class='ocrx_word' id='word_1_122' title='bbox 616 2095 690 2138; x_wconf 92' lang='lat' dir='ltr'><strong>num</strong></span> <span class='ocrx_word' id='word_1_123' title='bbox 718 2081 803 2139; x_wconf 90' lang='lat' dir='ltr'><strong>recte</strong></span> <span class='ocrx_word' id='word_1_124' title='bbox 831 2075 981 2140; x_wconf 86' lang='lat' dir='ltr'><strong>iudicarit</strong></span> <span class='ocrx_word' id='word_1_125' title='bbox 1004 2075 1230 2159; x_wconf 82' lang='lat' dir='ltr'><strong>Bernhardyus</strong></span> <span class='ocrx_word' id='word_1_126' title='bbox 1259 2097 1329 2140; x_wconf 92' lang='lat' dir='ltr'><strong>cum</strong></span> <span class='ocrx_word' id='word_1_127' title='bbox 1357 2074 1400 2138; x_wconf 93' lang='lat' dir='ltr'><strong>di-</strong></span> 
     </span>
     <span class='ocr_line' id='line_1_17' title="bbox 255 2178 1401 2265; baseline -0.003 -19"><span class='ocrx_word' id='word_1_128' title='bbox 255 2180 391 2265; x_wconf 86' lang='lat' dir='ltr'><strong>ceret¹):</strong></span> <span class='ocrx_word' id='word_1_129' title='bbox 418 2179 575 2255; x_wconf 84' lang='lat' dir='ltr'><strong>„Endlicb</strong></span> <span class='ocrx_word' id='word_1_130' title='bbox 604 2179 654 2244; x_wconf 83' lang='lat' dir='ltr'><strong>los</strong></span> <span class='ocrx_word' id='word_1_131' title='bbox 676 2178 798 2246; x_wconf 83' lang='lat' dir='ltr'><strong>Scidce</strong></span> <span class='ocrx_word' id='word_1_132' title='bbox 826 2183 886 2245; x_wconf 81' lang='lat' dir='ltr'><strong>dcc</strong></span> <span class='ocrx_word' id='word_1_133' title='bbox 914 2202 948 2246; x_wconf 87' lang='lat' dir='ltr'><strong>sc</strong></span> <span class='ocrx_word' id='word_1_134' title='bbox 972 2182 1145 2262; x_wconf 74' lang='lat' dir='ltr'><strong>redipirten</strong></span> <span class='ocrx_word' id='word_1_135' title='bbox 1169 2180 1293 2246; x_wconf 76' lang='lat' dir='ltr'><strong>Siccam</strong></span> <span class='ocrx_word' id='word_1_136' title='bbox 1316 2183 1401 2262; x_wconf 75' lang='lat' dir='ltr'><strong>pater</strong></span> 
     </span>
     <span class='ocr_line' id='line_1_18' title="bbox 254 2287 1400 2368; baseline -0.002 -15"><span class='ocrx_word' id='word_1_137' title='bbox 254 2287 398 2354; x_wconf 75' lang='lat' dir='ltr'><strong>Scholion</strong></span> <span class='ocrx_word' id='word_1_138' title='bbox 434 2287 470 2348; x_wconf 81' lang='lat' dir='ltr'><strong>ic</strong></span> <span class='ocrx_word' id='word_1_139' title='bbox 503 2287 601 2348; x_wconf 78' lang='lat' dir='ltr'><strong>cincla</strong></span> <span class='ocrx_word' id='word_1_140' title='bbox 632 2288 776 2356; x_wconf 81' lang='lat' dir='ltr'><strong>rciccrcn</strong></span> <span class='ocrx_word' id='word_1_141' title='bbox 807 2288 993 2368; x_wconf 72' lang='lat' dir='ltr'><strong>Exemplar,</strong></span> <span class='ocrx_word' id='word_1_142' title='bbox 1032 2287 1160 2352; x_wconf 79' lang='lat' dir='ltr'><strong>rcclcbcs</strong></span> <span class='ocrx_word' id='word_1_143' title='bbox 1191 2288 1278 2352; x_wconf 79' lang='lat' dir='ltr'><strong>nicht</strong></span> <span class='ocrx_word' id='word_1_144' title='bbox 1310 2287 1400 2352; x_wconf 76' lang='lat' dir='ltr'><strong>selca</strong></span> 
     </span>
     <span class='ocr_line' id='line_1_19' title="bbox 255 2391 714 2473; baseline -0.002 -15"><span class='ocrx_word' id='word_1_145' title='bbox 255 2393 337 2458; x_wconf 79' lang='lat' dir='ltr'><strong>cccli</strong></span> <span class='ocrx_word' id='word_1_146' title='bbox 359 2391 589 2473; x_wconf 77' lang='lat' dir='ltr'><strong>collsidcdiper</strong></span> <span class='ocrx_word' id='word_1_147' title='bbox 611 2401 714 2457; x_wconf 55' lang='grc' dir='ltr'><strong>ΜΝ</strong></span> 
     </span>
    </p>
   </div>
   <div class='ocr_carea' id='block_1_3' title="bbox 552 2621 997 2731">
    <p class='ocr_par' dir='ltr' id='par_1_3' title="bbox 552 2621 997 2731">
     <span class='ocr_line' id='line_1_20' title="bbox 552 2621 997 2731; baseline 0 -45"><span class='ocrx_word' id='word_1_148' title='bbox 552 2715 562 2731; x_wconf 26' lang='lat' dir='ltr'>K</span> <span class='ocrx_word' id='word_1_149' title='bbox 661 2621 796 2687; x_wconf 81' lang='lat' dir='ltr'><strong>OAPVT</strong></span> <span class='ocrx_word' id='word_1_150' title='bbox 820 2623 997 2687; x_wconf 81' lang='lat' dir='ltr'><strong>Pnlnvnl.</strong></span> 
     </span>
    </p>
   </div>
   <div class='ocr_carea' id='block_1_4' title="bbox 779 2801 873 2880">
    <p class='ocr_par' dir='ltr' id='par_1_4' title="bbox 779 2801 873 2880">
     <span class='ocr_line' id='line_1_21' title="bbox 779 2801 873 2880; baseline 0 -17"><span class='ocrx_word' id='word_1_151' title='bbox 779 2804 799 2880; x_wconf 71' lang='lat' dir='ltr'><strong>c</strong></span> <span class='ocrx_word' id='word_1_152' title='bbox 822 2801 873 2863; x_wconf 81' lang='lat' dir='ltr'><strong>ao.</strong></span> 
     </span>
    </p>
   </div>
   <div class='ocr_carea' id='block_1_5' title="bbox 254 2959 1399 4320">
    <p class='ocr_par' dir='ltr' id='par_1_5' title="bbox 254 2959 1399 4320">
     <span class='ocr_line' id='line_1_22' title="bbox 345 2959 1398 3042; baseline -0.002 -18"><span class='ocrx_word' id='word_1_153' title='bbox 345 2959 475 3024; x_wconf 84' lang='lat' dir='ltr'><strong>Suidam</strong></span> <span class='ocrx_word' id='word_1_154' title='bbox 498 2981 590 3023; x_wconf 89' lang='lat' dir='ltr'><strong>nsum</strong></span> <span class='ocrx_word' id='word_1_155' title='bbox 618 2980 686 3023; x_wconf 89' lang='lat' dir='ltr'><strong>esse</strong></span> <span class='ocrx_word' id='word_1_156' title='bbox 709 2959 816 3024; x_wconf 88' lang='lat' dir='ltr'><strong>codice</strong></span> <span class='ocrx_word' id='word_1_157' title='bbox 841 2959 1072 3042; x_wconf 88' lang='lat' dir='ltr'><strong>Aristophaneo</strong></span> <span class='ocrx_word' id='word_1_158' title='bbox 1096 2959 1224 3025; x_wconf 87' lang='lat' dir='ltr'><strong>scholiis</strong></span> <span class='ocrx_word' id='word_1_159' title='bbox 1249 2961 1398 3024; x_wconf 85' lang='lat' dir='ltr'><strong>instructo</strong></span> 
     </span>
     <span class='ocr_line' id='line_1_23' title="bbox 255 3063 1399 3150; baseline 0.001 -21"><span class='ocrx_word' id='word_1_160' title='bbox 255 3072 383 3149; x_wconf 89' lang='lat' dir='ltr'><strong>practer</strong></span> <span class='ocrx_word' id='word_1_161' title='bbox 414 3065 494 3129; x_wconf 90' lang='lat' dir='ltr'><strong>illud</strong></span> <span class='ocrx_word' id='word_1_162' title='bbox 524 3067 602 3149; x_wconf 89' lang='grc' dir='ltr'><em>Σχο.</em></span> <span class='ocrx_word' id='word_1_163' title='bbox 637 3063 759 3146; x_wconf 84' lang='lat' dir='ltr'><strong>glossae</strong></span> <span class='ocrx_word' id='word_1_164' title='bbox 792 3067 983 3150; x_wconf 78' lang='grc' dir='ltr'><em>Βληχωνία,</em></span> <span class='ocrx_word' id='word_1_165' title='bbox 1015 3066 1070 3130; x_wconf 90' lang='lat' dir='ltr'><strong>ubi</strong></span> <span class='ocrx_word' id='word_1_166' title='bbox 1102 3067 1209 3148; x_wconf 88' lang='lat' dir='ltr'><strong>agitur</strong></span> <span class='ocrx_word' id='word_1_167' title='bbox 1241 3066 1282 3131; x_wconf 93' lang='lat' dir='ltr'><strong>de</strong></span> <span class='ocrx_word' id='word_1_168' title='bbox 1314 3066 1399 3130; x_wconf 87' lang='lat' dir='ltr'><strong>Pacis</strong></span> 
     </span>
     <span class='ocr_line' id='line_1_24' title="bbox 256 3157 1399 3256; baseline -0.001 -22"><span class='ocrx_word' id='word_1_169' title='bbox 256 3194 302 3237; x_wconf 84' lang='lat' dir='ltr'><strong>vv.</strong></span> <span class='ocrx_word' id='word_1_170' title='bbox 327 3171 525 3248; x_wconf 71' lang='lat' dir='ltr'><strong>llo-712,</strong></span> <span class='ocrx_word' id='word_1_171' title='bbox 551 3157 731 3255; x_wconf 72' lang='lat' dir='ltr'><strong>praefixum</strong></span> <span class='ocrx_word' id='word_1_172' title='bbox 756 3172 869 3237; x_wconf 88' lang='lat' dir='ltr'><strong>docent</strong></span> <span class='ocrx_word' id='word_1_173' title='bbox 894 3171 1049 3254; x_wconf 85' lang='lat' dir='ltr'><strong>imprimis</strong></span> <span class='ocrx_word' id='word_1_174' title='bbox 1073 3173 1103 3237; x_wconf 87' lang='lat' dir='ltr'><strong>ci</strong></span> <span class='ocrx_word' id='word_1_175' title='bbox 1124 3172 1199 3248; x_wconf 90' lang='lat' dir='ltr'><strong>loci,</strong></span> <span class='ocrx_word' id='word_1_176' title='bbox 1228 3171 1341 3256; x_wconf 91' lang='lat' dir='ltr'><strong>quibus</strong></span> <span class='ocrx_word' id='word_1_177' title='bbox 1364 3193 1399 3235; x_wconf 89' lang='lat' dir='ltr'><strong>ex</strong></span> 
     </span>
     <span class='ocr_line' id='line_1_25' title="bbox 256 3270 1399 3362; baseline -0.002 -20"><span class='ocrx_word' id='word_1_178' title='bbox 256 3277 375 3343; x_wconf 89' lang='lat' dir='ltr'><strong>scholio</strong></span> <span class='ocrx_word' id='word_1_179' title='bbox 402 3279 563 3362; x_wconf 89' lang='lat' dir='ltr'><strong>adscripto</strong></span> <span class='ocrx_word' id='word_1_180' title='bbox 592 3270 717 3361; x_wconf 91' lang='lat' dir='ltr'><strong>singula</strong></span> <span class='ocrx_word' id='word_1_181' title='bbox 743 3276 843 3342; x_wconf 88' lang='lat' dir='ltr'><strong>uerba</strong></span> <span class='ocrx_word' id='word_1_182' title='bbox 871 3277 904 3341; x_wconf 92' lang='lat' dir='ltr'><strong>in</strong></span> <span class='ocrx_word' id='word_1_183' title='bbox 931 3283 1054 3343; x_wconf 88' lang='lat' dir='ltr'><strong>textum</strong></span> <span class='ocrx_word' id='word_1_184' title='bbox 1077 3279 1287 3361; x_wconf 86' lang='lat' dir='ltr'><strong>irrepserunt3</strong></span> <span class='ocrx_word' id='word_1_185' title='bbox 1316 3278 1399 3343; x_wconf 89' lang='lat' dir='ltr'><strong>cuius</strong></span> 
     </span>
     <span class='ocr_line' id='line_1_26' title="bbox 255 3383 1399 3470; baseline 0 -22"><span class='ocrx_word' id='word_1_186' title='bbox 255 3385 301 3449; x_wconf 90' lang='lat' dir='ltr'><strong>rei</strong></span> <span class='ocrx_word' id='word_1_187' title='bbox 326 3386 469 3467; x_wconf 88' lang='lat' dir='ltr'><strong>exempla</strong></span> <span class='ocrx_word' id='word_1_188' title='bbox 493 3407 530 3450; x_wconf 91' lang='lat' dir='ltr'><strong>ex</strong></span> <span class='ocrx_word' id='word_1_189' title='bbox 550 3384 718 3470; x_wconf 89' lang='lat' dir='ltr'><strong>Equitibus</strong></span> <span class='ocrx_word' id='word_1_190' title='bbox 746 3389 778 3448; x_wconf 89' lang='lat' dir='ltr'><strong>et</strong></span> <span class='ocrx_word' id='word_1_191' title='bbox 796 3383 974 3468; x_wconf 87' lang='lat' dir='ltr'><strong>Lysistrata</strong></span> <span class='ocrx_word' id='word_1_192' title='bbox 992 3407 1089 3468; x_wconf 91' lang='lat' dir='ltr'><strong>supra</strong></span> <span class='ocrx_word' id='word_1_193' title='bbox 1106 3385 1266 3451; x_wconf 89' lang='lat' dir='ltr'><strong>adnotaui.</strong></span> <span class='ocrx_word' id='word_1_194' title='bbox 1304 3386 1399 3449; x_wconf 87' lang='lat' dir='ltr'><strong>Erant</strong></span> 
     </span>
     <span class='ocr_line' id='line_1_27' title="bbox 255 3489 1399 3575; baseline 0.003 -22"><span class='ocrx_word' id='word_1_195' title='bbox 255 3490 316 3554; x_wconf 91' lang='lat' dir='ltr'><strong>hae</strong></span> <span class='ocrx_word' id='word_1_196' title='bbox 354 3512 428 3555; x_wconf 88' lang='lat' dir='ltr'><strong>sane</strong></span> <span class='ocrx_word' id='word_1_197' title='bbox 461 3491 583 3574; x_wconf 84' lang='lat' dir='ltr'><strong>glossae</strong></span> <span class='ocrx_word' id='word_1_198' title='bbox 615 3490 842 3556; x_wconf 88' lang='lat' dir='ltr'><strong>interlineares.</strong></span> <span class='ocrx_word' id='word_1_199' title='bbox 897 3489 963 3554; x_wconf 88' lang='lat' dir='ltr'><strong>Nec</strong></span> <span class='ocrx_word' id='word_1_200' title='bbox 995 3489 1133 3557; x_wconf 85' lang='lat' dir='ltr'><strong>defuisse</strong></span> <span class='ocrx_word' id='word_1_201' title='bbox 1165 3492 1285 3575; x_wconf 85' lang='lat' dir='ltr'><strong>glossas</strong></span> <span class='ocrx_word' id='word_1_202' title='bbox 1321 3513 1399 3556; x_wconf 92' lang='lat' dir='ltr'><strong>mar-</strong></span> 
     </span>
     <span class='ocr_line' id='line_1_28' title="bbox 256 3595 1399 3681; baseline 0.003 -24"><span class='ocrx_word' id='word_1_203' title='bbox 256 3596 377 3678; x_wconf 85' lang='lat' dir='ltr'><strong>ginales</strong></span> <span class='ocrx_word' id='word_1_204' title='bbox 406 3618 486 3679; x_wconf 90' lang='lat' dir='ltr'><strong>quae</strong></span> <span class='ocrx_word' id='word_1_205' title='bbox 514 3602 668 3661; x_wconf 86' lang='lat' dir='ltr'><strong>uocantur</strong></span> <span class='ocrx_word' id='word_1_206' title='bbox 696 3597 796 3661; x_wconf 89' lang='lat' dir='ltr'><strong>codici</strong></span> <span class='ocrx_word' id='word_1_207' title='bbox 825 3597 855 3660; x_wconf 90' lang='lat' dir='ltr'><strong>ei</strong></span> <span class='ocrx_word' id='word_1_208' title='bbox 883 3617 977 3678; x_wconf 89' lang='lat' dir='ltr'><strong>quem</strong></span> <span class='ocrx_word' id='word_1_209' title='bbox 1004 3595 1118 3662; x_wconf 83' lang='lat' dir='ltr'><strong>Suidas</strong></span> <span class='ocrx_word' id='word_1_210' title='bbox 1142 3599 1175 3661; x_wconf 91' lang='lat' dir='ltr'><strong>in</strong></span> <span class='ocrx_word' id='word_1_211' title='bbox 1199 3598 1399 3681; x_wconf 88' lang='lat' dir='ltr'><strong>excerpendis</strong></span> 
     </span>
     <span class='ocr_line' id='line_1_29' title="bbox 255 3700 1397 3788; baseline 0.004 -25"><span class='ocrx_word' id='word_1_212' title='bbox 255 3700 371 3766; x_wconf 88' lang='lat' dir='ltr'><strong>fabulis</strong></span> <span class='ocrx_word' id='word_1_213' title='bbox 394 3703 635 3786; x_wconf 86' lang='lat' dir='ltr'><strong>Aristophaneis</strong></span> <span class='ocrx_word' id='word_1_214' title='bbox 667 3702 816 3767; x_wconf 90' lang='lat' dir='ltr'><strong>adhibuit</strong></span> <span class='ocrx_word' id='word_1_215' title='bbox 848 3704 1132 3770; x_wconf 90' lang='lat' dir='ltr'><strong>innumerabilibus</strong></span> <span class='ocrx_word' id='word_1_216' title='bbox 1165 3705 1231 3769; x_wconf 84' lang='lat' dir='ltr'><strong>fere</strong></span> <span class='ocrx_word' id='word_1_217' title='bbox 1260 3725 1397 3788; x_wconf 80' lang='lat' dir='ltr'><strong>compro</strong></span> 
     </span>
     <span class='ocr_line' id='line_1_30' title="bbox 255 3806 1398 3894; baseline 0.003 -24"><span class='ocrx_word' id='word_1_218' title='bbox 255 3806 350 3872; x_wconf 91' lang='lat' dir='ltr'><strong>batur</strong></span> <span class='ocrx_word' id='word_1_219' title='bbox 387 3809 476 3885; x_wconf 89' lang='lat' dir='ltr'><strong>locis,</strong></span> <span class='ocrx_word' id='word_1_220' title='bbox 513 3810 628 3893; x_wconf 91' lang='lat' dir='ltr'><strong>quibus</strong></span> <span class='ocrx_word' id='word_1_221' title='bbox 661 3808 818 3892; x_wconf 92' lang='lat' dir='ltr'><strong>longiores</strong></span> <span class='ocrx_word' id='word_1_222' title='bbox 851 3811 1075 3894; x_wconf 83' lang='lat' dir='ltr'><strong>explicationes</strong></span> <span class='ocrx_word' id='word_1_223' title='bbox 1108 3811 1252 3876; x_wconf 89' lang='lat' dir='ltr'><strong>uersibus</strong></span> <span class='ocrx_word' id='word_1_224' title='bbox 1280 3810 1398 3876; x_wconf 78' lang='lat' dir='ltr'><strong>Aristo·</strong></span> 
     </span>
     <span class='ocr_line' id='line_1_31' title="bbox 254 3913 1398 3998; baseline 0.001 -21"><span class='ocrx_word' id='word_1_225' title='bbox 254 3913 386 3998; x_wconf 89' lang='lat' dir='ltr'><strong>phaneis</strong></span> <span class='ocrx_word' id='word_1_226' title='bbox 420 3914 632 3991; x_wconf 86' lang='lat' dir='ltr'><strong>subiciuntur,</strong></span> <span class='ocrx_word' id='word_1_227' title='bbox 665 3937 746 3997; x_wconf 89' lang='lat' dir='ltr'><strong>quae</strong></span> <span class='ocrx_word' id='word_1_228' title='bbox 779 3916 908 3981; x_wconf 88' lang='lat' dir='ltr'><strong>caedem</strong></span> <span class='ocrx_word' id='word_1_229' title='bbox 940 3919 981 3981; x_wconf 91' lang='lat' dir='ltr'><strong>ad</strong></span> <span class='ocrx_word' id='word_1_230' title='bbox 1013 3917 1147 3982; x_wconf 87' lang='lat' dir='ltr'><strong>uerbum</strong></span> <span class='ocrx_word' id='word_1_231' title='bbox 1179 3918 1212 3981; x_wconf 94' lang='lat' dir='ltr'><strong>in</strong></span> <span class='ocrx_word' id='word_1_232' title='bbox 1245 3917 1290 3982; x_wconf 90' lang='lat' dir='ltr'><strong>eis</strong></span> <span class='ocrx_word' id='word_1_233' title='bbox 1318 3916 1398 3982; x_wconf 91' lang='lat' dir='ltr'><strong>codi-</strong></span> 
     </span>
     <span class='ocr_line' id='line_1_32' title="bbox 256 4021 1398 4109; baseline 0.002 -25"><span class='ocrx_word' id='word_1_234' title='bbox 256 4022 343 4086; x_wconf 90' lang='lat' dir='ltr'><strong>cibus</strong></span> <span class='ocrx_word' id='word_1_235' title='bbox 368 4021 525 4105; x_wconf 89' lang='lat' dir='ltr'><strong>lcguntur,</strong></span> <span class='ocrx_word' id='word_1_236' title='bbox 549 4045 586 4086; x_wconf 86' lang='lat' dir='ltr'><strong>ex</strong></span> <span class='ocrx_word' id='word_1_237' title='bbox 610 4023 725 4105; x_wconf 89' lang='lat' dir='ltr'><strong>quibus</strong></span> <span class='ocrx_word' id='word_1_238' title='bbox 749 4021 870 4087; x_wconf 90' lang='lat' dir='ltr'><strong>scholia</strong></span> <span class='ocrx_word' id='word_1_239' title='bbox 893 4024 1021 4106; x_wconf 88' lang='lat' dir='ltr'><strong>collegit</strong></span> <span class='ocrx_word' id='word_1_240' title='bbox 1040 4030 1072 4088; x_wconf 88' lang='lat' dir='ltr'><strong>et</strong></span> <span class='ocrx_word' id='word_1_241' title='bbox 1091 4024 1248 4109; x_wconf 88' lang='lat' dir='ltr'><strong>disposuit</strong></span> <span class='ocrx_word' id='word_1_242' title='bbox 1267 4024 1303 4090; x_wconf 89' lang='lat' dir='ltr'><strong>G.</strong></span> <span class='ocrx_word' id='word_1_243' title='bbox 1323 4023 1398 4089; x_wconf 90' lang='lat' dir='ltr'><strong>Din-</strong></span> 
     </span>
     <span class='ocr_line' id='line_1_33' title="bbox 255 4125 1399 4196; baseline -0.001 -2"><span class='ocrx_word' id='word_1_244' title='bbox 255 4125 383 4194; x_wconf 83' lang='lat' dir='ltr'><strong>dorfius.</strong></span> <span class='ocrx_word' id='word_1_245' title='bbox 429 4127 524 4193; x_wconf 81' lang='lat' dir='ltr'><strong>Caret</strong></span> <span class='ocrx_word' id='word_1_246' title='bbox 555 4136 661 4194; x_wconf 87' lang='lat' dir='ltr'><strong>autern</strong></span> <span class='ocrx_word' id='word_1_247' title='bbox 689 4129 806 4194; x_wconf 85' lang='lat' dir='ltr'><strong>Suidae</strong></span> <span class='ocrx_word' id='word_1_248' title='bbox 834 4131 954 4195; x_wconf 90' lang='lat' dir='ltr'><strong>citandi</strong></span> <span class='ocrx_word' id='word_1_249' title='bbox 982 4131 1094 4196; x_wconf 89' lang='lat' dir='ltr'><strong>modus</strong></span> <span class='ocrx_word' id='word_1_250' title='bbox 1121 4153 1184 4195; x_wconf 90' lang='lat' dir='ltr'><strong>non</strong></span> <span class='ocrx_word' id='word_1_251' title='bbox 1212 4153 1285 4196; x_wconf 89' lang='lat' dir='ltr'><strong>raro</strong></span> <span class='ocrx_word' id='word_1_252' title='bbox 1316 4136 1399 4194; x_wconf 90' lang='lat' dir='ltr'><strong>certa</strong></span> 
     </span>
     <span class='ocr_line' id='line_1_34' title="bbox 255 4224 1397 4320; baseline 0.001 -22"><span class='ocrx_word' id='word_1_253' title='bbox 255 4235 378 4299; x_wconf 88' lang='lat' dir='ltr'><strong>ratione</strong></span> <span class='ocrx_word' id='word_1_254' title='bbox 405 4233 560 4319; x_wconf 90' lang='lat' dir='ltr'><strong>firmoque</strong></span> <span class='ocrx_word' id='word_1_255' title='bbox 587 4237 731 4311; x_wconf 89' lang='lat' dir='ltr'><strong>consilio,</strong></span> <span class='ocrx_word' id='word_1_256' title='bbox 759 4241 870 4318; x_wconf 91' lang='lat' dir='ltr'><strong>utpote</strong></span> <span class='ocrx_word' id='word_1_257' title='bbox 894 4236 948 4320; x_wconf 89' lang='lat' dir='ltr'><strong>qui</strong></span> <span class='ocrx_word' id='word_1_258' title='bbox 974 4243 1043 4300; x_wconf 90' lang='lat' dir='ltr'><strong>tum</strong></span> <span class='ocrx_word' id='word_1_259' title='bbox 1065 4238 1120 4300; x_wconf 92' lang='lat' dir='ltr'><strong>uui</strong></span> <span class='ocrx_word' id='word_1_260' title='bbox 1143 4224 1266 4320; x_wconf 86' lang='lat' dir='ltr'><strong>glossae</strong></span> <span class='ocrx_word' id='word_1_261' title='bbox 1289 4236 1397 4302; x_wconf 91' lang='lat' dir='ltr'><strong>cohor-</strong></span> 
     </span>
    </p>
   </div>
   <div class='ocr_carea' id='block_1_6' title="bbox 328 4447 827 4513">
    <p class='ocr_par' dir='ltr' id='par_1_6' title="bbox 328 4447 827 4513">
     <span class='ocr_line' id='line_1_35' title="bbox 328 4447 827 4513; baseline 0 -13"><span class='ocrx_word' id='word_1_262' title='bbox 328 4449 347 4512; x_wconf 87' lang='grc'><strong>1)</strong></span> <span class='ocrx_word' id='word_1_263' title='bbox 366 4447 438 4502; x_wconf 88' lang='lat' dir='ltr'><strong>Hist.</strong></span> <span class='ocrx_word' id='word_1_264' title='bbox 458 4447 525 4500; x_wconf 88' lang='lat' dir='ltr'><strong>Litt.</strong></span> <span class='ocrx_word' id='word_1_265' title='bbox 545 4448 642 4502; x_wconf 84' lang='lat' dir='ltr'><strong>Graec.</strong></span> <span class='ocrx_word' id='word_1_266' title='bbox 663 4447 703 4500; x_wconf 77' lang='lat'><strong>11³</strong></span> <span class='ocrx_word' id='word_1_267' title='bbox 722 4451 746 4513; x_wconf 78' lang='lat'><strong>2,</strong></span> <span class='ocrx_word' id='word_1_268' title='bbox 767 4448 827 4502; x_wconf 79' lang='grc'><strong>674.</strong></span> 
     </span>
    </p>
   </div>
   <div class='ocr_carea' id='block_1_7' title="bbox 0 0 1494 5114">
    <p class='ocr_par' dir='ltr' id='par_1_7' title="bbox 0 0 1494 5114">
     <span class='ocr_line' id='line_1_36' title="bbox 0 0 1494 5114; baseline 0 0"><span class='ocrx_word' id='word_1_269' title='bbox 0 0 1494 5114; x_wconf 95' lang='lat' dir='ltr'><strong> </strong></span> 
     </span>
    </p>
   </div>
  </div>
 </body>
</html>
