2978 5114
606 426 646 434 -
695 387 791 469 [ies]
842 425 878 434 -

249 647 252 652 ,
352 565 592 662 ἐπικοκάστρια
616 581 650 657 C,

351 683 613 771 ἐπικοκκάστρια
636 680 657 772 ἢ
682 682 941 770 ἐκικαγχάστρια
965 688 1002 761 Α,

352 778 578 877 ἐπικακοστρᾶ
600 799 632 856 et
655 794 688 855 in
711 813 808 874 marg.
834 787 1073 877 ἑπικιιχάστρια
1097 793 1136 889 ¹V,

353 894 636 981 ἐκικουκούστρια
660 898 686 961 Β
709 898 746 973 Ε,

351 1000 613 1088 ἐπικαγκάστρια
638 1005 735 1068 Oxon.
759 1010 841 1068 teste
867 1005 1087 1087 Bernhardy03

168 1120 274 1177 tamen
301 1113 349 1175 nis
373 1113 530 1194 scriptura
557 1133 653 1192 quam
680 1110 817 1192 probant
846 1112 872 1173 A
901 1110 955 1195 (C)
984 1109 1102 1175 Suidae
1136 1111 1260 1174 eodiees
1288 1117 1316 1173 et

168 1220 392 1303 Eustathius1)
418 1209 532 1291 ἀοιδὸς
556 1212 819 1300 ἐπικοκκάστρια
842 1216 1053 1299 praeferenda
1075 1223 1134 1281 est.
1163 1255 1205 1263 -

258 1413 375 1496 Magna
395 1419 443 1478 est
461 1411 560 1493 igitur
578 1413 612 1474 in
631 1410 830 1476 recensendis
850 1410 1186 1493 'shesmophoriazusis
1206 1410 1316 1475 Suidae

169 1521 355 1594 auetoritas;
391 1540 462 1582 nam
497 1522 529 1581 et
566 1518 637 1599 plus
670 1517 884 1599 quadraginta
918 1517 995 1581 loeis
1033 1517 1119 1581 solus
1153 1517 1317 1598 genuinam

170 1625 392 1708 Aristophanis
415 1625 605 1706 scripturam
628 1622 778 1698 seruauit,
802 1629 833 1685 et
857 1623 1039 1704 saepissime
1062 1623 1111 1685 Ri⁸
1134 1622 1317 1706 scripturam

169 1733 261 1817 fulcit
280 1737 311 1795 et
333 1728 506 1804 confirmat,
519 1729 665 1811 ,deniqne
689 1750 727 1792 ex
750 1729 827 1810 ipsis
847 1727 964 1793 Suidae
983 1730 1107 1793 mendis
1131 1729 1316 1812 ineptiisque

169 1838 222 1902 hie
245 1837 311 1904 illie
333 1836 453 1918 aliquid
473 1835 552 1899 lueis
571 1834 779 1916 Aristophani
802 1834 909 1898 afferri
932 1835 1083 1910 uidimus3
1107 1837 1195 1917 quod
1215 1856 1316 1918 quam·

170 1965 265 2027 quam
292 1943 378 2007 uiros
406 1943 516 2006 doetos
543 1941 671 2004 minime
700 1940 795 2022 fugit,
824 1942 918 2004 immo
947 1940 1130 2022 saepissime
1158 1941 1182 2004 ii
1211 1941 1315 2024 quiin

170 2049 294 2114 edenda
316 2048 368 2112 uel
392 2047 578 2130 explicanda
601 2048 662 2111 hae
680 2046 788 2111 fabula
807 2068 935 2128 operam
957 2048 1163 2129 studiumque
1187 2047 1315 2113 eolloea·

169 2156 259 2220 bant·
272 2154 388 2219 Suidae
416 2156 589 2236 scripturas
618 2160 650 2218 et
677 2154 899 2218 adnotationes
922 2153 964 2217 ad
987 2153 1220 2218 emendandam
1242 2154 1317 2218 hane

170 2262 313 2326 fabulam
330 2260 554 2335 adhibuerunt,
572 2265 680 2324 tamen
699 2261 813 2343 dignae
832 2261 982 2323 uidentur
1001 2254 1083 2342 qliae
1097 2259 1165 2324 fere
1181 2261 1316 2341 integrae

171 2365 566 2449 Thesmophoriazusarum
591 2368 760 2449 apparatui
783 2365 892 2430 eritieo
916 2366 1107 2429 inserantur.

565 2578 701 2643 CAPVT
724 2577 922 2642 TERTIVM.
981 2635 983 2639 ,

697 2723 716 2799 ξ
742 2722 790 2784 13.

192 2901 194 2906 .
219 2907 222 2913 ,
261 2843 431 2924 Pergamus
454 2843 494 2906 ad
518 2842 779 2925 Lysistratam.
826 2844 873 2907 De
897 2844 985 2907 euius
1008 2842 1135 2908 fabulae
1159 2845 1315 2909 eodieibus

172 2970 249 3030 quos
275 2970 357 3010 nune
379 2948 530 3013 habemus
553 2949 696 3033 Engerus
719 2950 799 3013 haee
823 2951 969 3013 adnotat:
993 2948 1069 3012 Deo
1093 2955 1204 3015 extent
1227 2951 1315 3033 Lysi·

172 3060 293 3118 stratae
316 3054 469 3117 librorum
490 3076 615 3137 ponere,
641 3077 777 3138 qaorum
801 3056 937 3118 alteram
955 3057 1055 3134 speeie
1074 3056 1202 3136 quidem
1221 3077 1314 3120 emea-

173 3162 282 3224 dote'as
300 3161 354 3223 sed
371 3161 607 3241 interpolatam,
628 3163 765 3226 alteram
778 3161 887 3224 maltis
901 3162 992 3224 uitiis
1006 3162 1215 3242 inquinatum
1230 3162 1316 3244 leupo

172 3272 277 3330 tumea
299 3267 453 3330 sincerius
480 3272 524 3330 est
548 3272 643 3348 etqrre
663 3268 886 3347 praestantius
904 3268 1022 3346 priore.
1069 3258 1190 3331 Prioris
1214 3274 1315 3332 autem

172 3372 296 3453 generis
316 3378 390 3436 sunt
410 3373 531 3437 eodiees
549 3374 582 3436 B
600 3372 658 3454 0²)
684 3374 836 3458 (Parisini
855 3373 941 3436 2715
962 3382 993 3436 et
1013 3373 1115 3458 2717)
1140 3379 1172 3437 et
1193 3373 1314 3438 Vossia-

172 3499 231 3541 nus
253 3477 418 3542 Leidensis
443 3479 509 3564 (L),
533 3501 626 3560 quem
649 3479 840 3565 Velsenus³)
862 3499 926 3543 non
949 3484 1067 3543 temere
1092 3480 1267 3544 Florentini
1289 3480 1319 3543 Γ

173 3582 400 3669 (bibliothecae
427 3585 659 3650 Laurentianae
685 3586 741 3663 31,
768 3584 823 3671 15)
857 3586 1002 3649 ultimam
1029 3593 1151 3669 partem
1181 3585 1314 3651 effecisse

172 3689 349 3771 suspicatus
377 3695 438 3766 est,
466 3698 498 3755 et
525 3691 757 3757 Laurentianus
786 3692 811 3755 Δ
839 3692 910 3776 (31,
942 3692 1010 3775 16);
1044 3693 1161 3756 etenim
1189 3692 1315 3757 lacunae

246 3887 264 3950 ¹)
285 3884 318 3936 ad
339 3883 388 3936 Od.
409 3902 453 3952 pg.
475 3887 552 3946 1761,
572 3888 614 3938 21.

245 3971 265 4037 ²)
284 3972 471 4027 Dindorfianis
495 3973 572 4040 siglis
592 3979 665 4039 ut0r;
691 3989 744 4025 non
764 3974 834 4027 bene
854 3973 926 4027 enirn
945 3974 1072 4041 Engerns
1092 3974 1230 4028 Parisinos
1249 3973 1315 4028 2715

174 4068 202 4115 et
225 4062 294 4116 2717
323 4061 447 4115 nominat
469 4062 536 4131 AB,
566 4079 626 4114 eum
650 4061 810 4116 Dindorfius
839 4063 941 4116 rectius
971 4062 1066 4116 littera
1089 4063 1116 4114 A
1144 4060 1314 4131 insignirent

173 4149 327 4202 Parisinum
349 4151 426 4213 2712,
447 4149 494 4217 qui
512 4149 667 4218 Lysistrata
687 4156 771 4215 earet,
792 4157 819 4204 et
833 4151 997 4204 Vestianum
1014 4151 1180 4204 Leidensem
1195 4151 1313 4218 Engerus

174 4237 318 4305 insigniuit
341 4246 406 4291 nota
429 4239 460 4303 V,
484 4245 515 4291 ut
539 4237 621 4291 facile
646 4255 707 4291 eum
731 4239 855 4304 Vienetoi
874 4239 961 4308 possit
985 4238 1128 4305 confund13
1154 4238 1184 4309 ef
1207 4239 1311 4292 Velsen.

174 4325 271 4379 Philol.
292 4327 384 4380 XXIV
405 4344 448 4393 pg.
472 4330 529 4381 126.

246 4414 265 4471 31
287 4415 378 4468 Ueber
397 4416 449 4469 den
470 4417 561 4468 Codex
581 4415 700 4468 Urbinas
719 4432 764 4483 pg.
785 4417 826 4468 53.
