2978 5114
601 440 640 449 -
690 401 785 484 [233]
832 439 874 448 -
1265 399 1306 464 89

169 598 292 681 Optime
316 597 428 663 Suidas
456 598 489 662 in
512 604 651 663 extremo
679 597 798 662 scholio
823 604 915 662 νοοῦν
940 618 998 680 pro
1022 597 1133 682 δηλῶν
1156 595 1307 662 submini-

169 711 261 782 strat;
285 706 426 789 ineptum
450 705 533 769 enim
557 711 605 771 est
627 704 691 770 alia
713 705 826 782 dicere,
848 704 912 768 alia
935 705 1108 769 enuntiare.

255 917 305 982 Ad
330 940 356 983 v.
383 918 436 983 17:

275 1042 343 1108 Ss.
366 1043 406 1125 gl.
715 1043 757 1106 R:
1105 1042 1178 1123 1⁷63

174 1147 306 1234 Θρέττε·
341 1141 416 1214 οἷντὶ
448 1157 510 1215 τοῦ
1140 1140 1226 1213 imi
1248 1153 1310 1211 τοῦ

171 1255 359 1342 θαρραλέον
565 1248 604 1321 τὸ
628 1255 819 1341 θαρραλέον
964 1253 1165 1341 θαρραλέον.
1230 1245 1309 1318 οὐδὲ

964 1354 1004 1428 τὸ
1041 1353 1144 1445 τυχὸν
1184 1357 1310 1445 έχοο[ν],

965 1471 1055 1555 φησὶ,
1078 1470 1156 1554 περὶ
1175 1464 1308 1534 τούτων

310 1600 368 1643 om.
965 1577 1080 1642 εἰπεῖν.
1127 1574 1248 1661 θρέττε
1273 1574 1309 1640 δὲ

964 1683 1160 1769 βαρβαριστὶ
1234 1674 1310 1747 ἀντὶ

964 1798 1026 1855 τοῦ
1042 1796 1194 1875 θαρρεῖν,
1219 1780 1310 1874 παρὰ

273 1899 330 1962 καὶ
354 1891 511 1983 ἀνδρεῖον
965 1891 1003 1962 τὸ
1028 1887 1141 1981 θρασὺ
1168 1898 1225 1961 καὶ
1253 1889 1309 1960 ἄν·

171 2007 223 2070 καὶ
259 1996 378 2089 θρασὺ.
449 1997 511 2070 οὐκ
966 2005 1092 2088 δρεῖον·
1127 1995 1189 2068 οένι
1219 1999 1309 2068 ἔστιν

171 2108 257 2177 ἔστιν
281 2110 396 2190 εἰπεῖν,
424 2102 443 2176 δ
472 2104 512 2177 οὐ
965 2098 1027 2176 οὖν
1060 2107 1181 2192 εἰπεῖν,
1215 2100 1233 2176 δ
1267 2102 1308 2176 οὐ

171 2219 293 2303 διανοῇ.
966 2218 1091 2300 διανοῇ.
1190 2249 1193 2253 v

276 2433 326 2497 Ad
350 2455 375 2496 v.
399 2433 456 2497 31:

141 2642 145 2652 1
170 2556 189 2622 S
211 2581 233 2622 ε.
257 2558 298 2642 gl,
320 2556 462 2643 Βρέτας·

170 2656 510 2750 εἴδωλονᾶγαλμανια-
707 2685 765 2729 om.
968 2654 1107 2745 Ἇγαλμα
1161 2668 1266 2743 θεῶν,

171 2765 209 2855 ρὰ
227 2762 267 2837 τὸ
283 2775 395 2856 βροτῷ
406 2767 510 2837 εὀικέ-
842 2764 909 2832 ἱκέ-
963 2781 1167 2847 προσπεσεῖν
1183 2768 1229 2849 δὲ,
1247 2766 1311 2832 ἱκέ-

169 2900 228 2943 ναι.
565 2867 909 2961 ταςκαθὶσαι.ἢκατα-
963 2867 1311 2963 ταςκαθέσαι.ἢκατα-

309 3006 366 3050 om.
565 2998 683 3069 φυγεῖν
697 2976 911 3070 τρδςβρέτας
966 2974 1341 3074 φυγεῖννιρδςβρέτας,ι

426 3084 512 3177 πρὸς
936 3066 1050 3174 λπρδς
1083 3081 1190 3174 ἱερὸν,
1226 3081 1312 3175 πρὸς

169 3199 302 3284 τέμενος
352 3191 372 3285 ἢ
426 3191 511 3284 πρὸς
965 3195 1102 3279 τέμενος
1152 3188 1173 3283 ἡ
1226 3188 1312 3281 πρὸς

169 3301 241 3384 ἕδος
282 3298 302 3392 ἢ
343 3298 429 3392 πρὸς
476 3299 511 3371 δ·
965 3299 1066 3388 έδραν
1102 3294 1123 3390 ἢ
1158 3294 1244 3388 πρὸς
1277 3297 1312 3368 ἄ-

169 3417 272 3497 γαλμα
287 3418 382 3478 θεῶν
401 3409 512 3491 ἱκέτας
710 3434 768 3478 om.
966 3413 1073 3494 γαλμα
1096 3415 1200 3474 θεῶν.
1239 3409 1311 3496 βρέ-

169 3515 333 3601 γενέσθαι.
966 3540 1025 3593 τας
1045 3515 1083 3581 δε
1101 3515 1228 3603 εἴρηται
1242 3509 1311 3583 ἀπὸ

966 3630 1027 3687 τοῦ
1040 3627 1152 3709 βροτῷ
1167 3621 1312 3689 ἑοικέναι

968 3721 1059 3794 αὐτό.

168 3910 227 3977 Hic
248 3917 382 3994 apparet
405 3910 525 3976 scholia
548 3909 690 3975 oodicum
716 3909 774 3973 1⁷6
792 3907 914 3974 duabus
938 3928 977 3972 ex
994 3907 1140 3990 partibus
1159 3913 1313 3985 constare,

169 4040 298 4102 quarum
314 4018 416 4084 altera
429 4018 558 4083 breuior
573 4013 684 4094 ἱκέτας
697 4017 836 4082 καθίσαι
849 4007 870 4102 ἢ
881 4025 1090 4098 καταφυγεῖν
1100 4007 1185 4099 πρὸς
1194 4010 1313 4099 βρέτας

167 4128 260 4190 etiam
285 4125 318 4189 in
340 4126 380 4189 ΒΘ
404 4126 601 4201 adseruatur,
623 4125 725 4189 altera
747 4126 848 4189 maior
871 4132 901 4187 et
926 4143 1006 4207 quae
1028 4124 1167 4205 priorem
1190 4128 1314 4205 partem

167 4233 205 4297 ab
228 4238 364 4315 utroque
388 4233 487 4298 latere
511 4232 700 4297 circumdat:
724 4229 866 4296 εἴδωλον
891 4221 1019 4314 ἄγαλμα
1042 4219 1134 4313 παρὰ
1158 4220 1198 4293 τὸ
1228 4220 1312 4313 (ἀπὸ

167 4348 227 4404 τοῦ
258 4342 329 4425 Ve)
360 4344 472 4424 βροτῷ
501 4335 647 4405 ἐοικέναι
675 4329 774 4422 (αὐτὸ
802 4339 874 4404 add.
905 4336 977 4423 VO)
1005 4342 1038 4401 et
1062 4326 1149 4420 πρὸς
1175 4331 1314 4420 τέμενος

167 4438 294 4533 ἢπρδς
321 4443 395 4525 ἕδος
419 4443 534 4533 (ἕδραν
567 4446 636 4531 VO)
664 4437 684 4533 ἢ
713 4435 799 4530 πρὸς
826 4438 954 4529 ἄγαλμα
982 4448 1077 4509 θεῶν
1104 4443 1313 4509 recentissimi
