2978 5114
1108 597 1179 662 VO:

969 702 1132 772 οκάνδικα
1174 703 1305 790 ἐπίπρα-

969 832 1057 879 σκεν.
1083 803 1308 897 δὲοτινδγρια

712 940 771 982 orn.
968 916 1102 1004 λάχανα.
1183 913 1307 995 Ἄλλως·

169 1017 212 1112 μη
272 1016 514 1106 δποδειλιάοης.
967 1020 1011 1115 μὴ
1071 1018 1308 1108 δποδειλιάσης,

169 1123 213 1219 μὴ
307 1123 477 1216 inclime-
489 1133 514 1215 ¹)
967 1127 1011 1221 μὴ
1047 1204 1051 1213 .
1082 1129 1306 1219 ueterrimos·

171 1234 318 1304 σκώπτει
373 1237 409 1303 δὲ
454 1229 514 1303 τὸν
570 1234 718 1304 σκώπτει
851 1231 913 1303 τὸν
970 1237 1117 1308 σκώπτει
1169 1239 1205 1304 δὲ
1253 1231 1307 1305 τὸν

170 1337 514 1431 Εδριπίδηνῶςλαχα-
569 1337 913 1431 Εὐοιπίδηνοδςλαχα·
968 1341 1155 1434 Εὐριπίδην
1165 1338 1306 1429 ὡςλαχα-

171 1448 360 1528 νοαῶλιδος
428 1449 513 1518 υἱόν.
569 1448 760 1529 νοπῶλιδος
783 1449 868 1518 υἱόν.
968 1451 1159 1531 νοαῶλιδος
1229 1448 1304 1518 υἱόν.

171 1554 310 1638 oximus
350 1558 386 1623 δὲ
428 1555 516 1636 εἶδος
970 1558 1108 1640 σκάνδιξ
1150 1559 1186 1625 δὲ
1228 1554 1305 1634 εἶδος

170 1661 317 1748 λαχάνου
340 1669 495 1731 λεπτοῦ.
713 1688 772 1731 om.
968 1664 1124 1751 λαχάνου.
1175 1667 1304 1750 (λεπτοῦ

969 1776 1042 1862 om.)
1123 1795 1128 1807 ·

696 1972 715 2049 s
740 1968 791 2033 aa

258 2111 326 2176 Iam
358 2118 554 2177 transeamus
591 2111 632 2174 ad
665 2131 718 2176 eas
750 2106 983 2188 adnotationes,
1019 2112 1052 2174 iu
1085 2110 1199 2195 quibus
1230 2111 1303 2196 apud

171 2219 299 2284 Suidam
318 2219 447 2302 propria
465 2239 502 2282 ac
525 2217 693 2300 singularis
709 2219 897 2283 scholiorum
912 2217 1014 2282 forma
1028 2225 1197 2301 comparet.
1229 2219 1304 2297 Quas

172 2327 198 2389 si
222 2347 330 2390 omnes
353 2325 467 2389 uellem
490 2346 681 2401 enumerare,
704 2324 833 2390 chartae
856 2347 904 2390 me
926 2325 1098 2390 misereret.
1136 2326 1218 2390 Nam
1236 2347 1304 2409 quo·

170 2432 255 2497 niam
286 2432 459 2498 dilacerata
490 2436 585 2516 atque
617 2431 733 2496 diffusa
763 2455 821 2516 per
848 2439 950 2498 totum
976 2431 1097 2497 lexicon
1126 2432 1303 2498 scholiorum

170 2541 260 2624 copia
283 2540 373 2617 iacet,
397 2544 428 2604 et
447 2538 561 2604 Suidas
584 2540 651 2621 ipse
674 2539 791 2604 iudicio
809 2540 993 2622 plerumque
1012 2543 1107 2616 caret,
1131 2540 1202 2623 quis
1219 2541 1304 2605 mira·

170 2648 256 2713 bitur
282 2647 448 2730 permultis
471 2647 547 2711 locis
571 2646 761 2711 scholiorum
782 2647 964 2711 thesaurum
987 2646 1108 2711 lacunis
1132 2653 1164 2712 et
1187 2669 1304 2730 corrup

168 2755 242 2818 telis
265 2753 464 2837 inquinatum
488 2754 573 2818 esse?
605 2752 717 2836 ltaque
734 2755 817 2837 ,satis
839 2753 942 2818 haheo
965 2752 1137 2835 specimina
1160 2755 1303 2837 quaedam

169 2882 351 2944 expromere
375 2860 530 2943 grauioris
554 2860 796 2943 discrepantiae,
820 2863 902 2925 inter
924 2882 1005 2944 quae
1028 2866 1114 2937 sunt,
1138 2860 1304 2945 exquibus

169 2967 290 3050 aliquid
324 2967 402 3032 lucis
428 2972 468 3048 et
504 2966 732 3033 emendationis
765 2968 891 3033 scholiis
923 2971 1040 3032 nostris
1072 2968 1303 3052 Aristophaneis

169 3073 299 3139 affluere
321 3074 429 3157 possit.

257 3217 369 3299 Itaque
392 3217 434 3281 ad
457 3238 483 3280 v.
508 3216 587 3282 255:

270 3322 291 3389 S
316 3345 338 3388 8.
357 3325 398 3406 gl.
418 3315 584 3389 ‘lileriensi
590 3347 596 3359 ·
995 3323 1100 3408 V622)

169 3431 331 3496 Ηλιαοταὶ
354 3427 386 3495 οἱ
410 3427 446 3494 ἒν
465 3421 591 3518 Ἡλιαίᾳ
610 3431 699 3496 δικα-

170 3538 252 3602 σταί.
286 3528 412 3601 ‘Hiceta
432 3528 525 3602 δὲτὸ
544 3537 699 3621 μέγιστον
923 3528 1048 3601 Ἡλιαία
1070 3527 1131 3622 γὰρ
1155 3555 1303 3622 μεγιστον

170 3638 383 3728 δικαστήριον
416 3636 606 3730 Ἀθήνησιν·
653 3642 698 3709 ol'-
781 3640 994 3729 δικαστήριον
1016 3635 1198 3730 Ἀθήνησιν.
1223 3641 1255 3710 οἱ
1272 3641 1303 3708 δὲ

168 3774 256 3828 τινες
297 3741 364 3815 ὑπὸ
406 3757 476 3815 τῶν
518 3751 698 3836 δημοτῶν
781 3750 932 3815 δικασταὶ
956 3741 1022 3814 ὑπὸ
1045 3757 1117 3815 τῶν
1136 3752 1302 3838 δημαγω-

170 3857 361 3944 ἒτρέφοντο.
779 3864 858 3941 γῶν
882 3855 1074 3941 ἐτρέφοντο.

257 3982 431 4047 infeliciter
450 3983 501 4048 hic
516 3982 629 4047 Suidas
648 3981 812 4047 scribendo
828 3982 982 4067 δημοτῶν
997 3982 1149 4047 scholium
1163 3984 1302 4054 mutauit

169 4092 263 4154 immo
295 4111 376 4173 quae
408 4089 568 4154 codicibus
602 4088 664 4153 Vc
695 4090 883 4154 adseruatur
915 4090 1072 4172 scriptura
1104 4090 1301 4175 δημαγωγῶν

169 4199 287 4280 optime
309 4199 350 4262 ad
373 4202 486 4279 poetae
509 4218 633 4261 sensum
656 4197 800 4279 quadrat.

242 4374 260 4429 ¹l
280 4389 425 4442 perperam
445 4373 552 4429 Suidos.

241 4460 261 4529 9)
281 4462 357 4516 deest
376 4465 401 4518 R
419 4464 483 4517 inde
503 4479 520 4516 a
539 4481 562 4516 v.
582 4463 642 4517 214.
