2978 5114
262 399 305 461 ac
698 433 740 442 -
788 395 883 476 [eoo]
936 433 972 441 --

261 591 446 674 Lysistrata,
465 611 547 671 quae
566 611 642 653 uero
657 610 720 652 non
736 591 834 653 inest“
845 591 871 671 ¹)
889 626 928 635 -
944 589 1049 652 ultimi
1065 610 1175 653 uersus
1194 591 1409 655 1419-1764

262 698 281 763 i.
301 698 328 760 oss
347 698 421 771 346,
445 697 498 779 qui
523 696 614 760 facile
633 695 772 779 quinque
788 694 868 758 folia
885 695 1237 777 undeseptuagenornm
1257 696 1324 759 fore
1341 718 1408 760 uer-

262 825 354 869 suum
386 802 519 885 explent.
575 802 707 866 Accedit
738 801 824 882 quod
858 800 1032 882 Vesparum
1064 800 1292 883 fragmentum,
1329 804 1407 885 quod

263 911 385 975 omissis
404 908 562 992 prioribus
581 907 725 971 uersibus
744 907 776 969 in
796 907 903 970 codice
923 909 956 970 Γ
971 913 1127 983 seruatur,
1145 929 1192 970 vv.
1212 908 1406 972 421-1396

263 1018 283 1081 i.
306 1039 332 1081 e.
356 1017 421 1080 976
449 1037 560 1079 uersus
589 1012 843 1098 quattuordecim
875 1013 974 1089 ibliis,
1006 1035 1139 1096 quorum
1166 1015 1408 1097 unumquodque

159 1178 164 1188 .
264 1123 396 1186 69—70
405 1143 515 1186 uersus
530 1121 700 1196 contineat,
714 1119 938 1201 comprehendi
949 1126 1062 1201 potest,
1078 1127 1109 1183 et
1124 1122 1210 1204 quod
1223 1142 1269 1184 vv.
1283 1121 1408 1184 1-420

265 1229 438 1311 Vesparnm
467 1229 499 1290 in
527 1249 564 1291 eo
587 1227 695 1291 codice
719 1226 835 1290 omissa
857 1225 953 1289 simili
977 1226 1071 1290 modo
1095 1244 1150 1290 sex
1172 1226 1251 1291 folia
1273 1228 1408 1291 eiusdem

263 1336 387 1418 generis
411 1335 536 1416 oxplere
558 1338 739 1416 potuerunt.

352 1440 413 1505 Sed
443 1462 514 1504 cum
536 1445 651 1504 neutro
679 1439 823 1503 codicum
850 1458 965 1519 genere
992 1439 1087 1520 plane
1115 1439 1262 1520 congruit
1285 1437 1407 1512 Suidas3

264 1569 357 1630 saepe
385 1549 468 1610 enim
496 1547 584 1610 illam
612 1546 746 1610 formam
770 1544 911 1619 exhibet,
938 1565 1020 1627 quae
1044 1545 1189 1609 codicum
1211 1542 1342 1609 Bona
1364 1545 1406 1609 eis

264 1654 354 1728 locis,
385 1653 442 1716 ubi
474 1652 618 1717 felicibus
650 1650 914 1733 interpolatorum
947 1650 1136 1715 coniecturis
1169 1653 1305 1716 correcti
1332 1657 1408 1716 sunt,

221 1752 228 1834 J
264 1759 393 1841 propria
416 1764 473 1834 est,
496 1758 566 1821 aliis
589 1764 693 1822 tamon
718 1779 776 1822 nec
794 1755 876 1821 raris
894 1757 971 1821 locis
989 1757 1195 1839 integriorem
1214 1757 1263 1821 Ris
1281 1759 1408 1840 scriptu-

264 1887 333 1929 ram
356 1865 504 1941 seruauit‚
528 1865 740 1947 compluribus
764 1864 900 1945 denique
918 1863 995 1928 loeis
1013 1864 1177 1946 propriam
1196 1869 1408 1947 repraesentat

266 1973 462 2054 scripturam.
477 2009 520 2016 —
536 1969 603 2034 Iam
621 1970 866 2050 uniuscuiusque
885 1970 1009 2052 generis
1031 1969 1175 2051 exempla
1193 1991 1276 2052 quae
1295 1969 1409 2036 contuli

265 2077 317 2142 hio
340 2076 537 2142 enumerabo

715 2171 723 2186 ’
789 2182 885 2262 514.

355 2306 467 2389 ltaque
496 2328 565 2369 cum
589 2306 748 2370 codicibus
770 2303 901 2370 Bona
925 2305 1038 2370 Suidas
1063 2308 1221 2371 consentit
1246 2346 1287 2353 -
1311 2327 1407 2389 neque

266 2432 342 2475 uero
371 2412 417 2476 ita
444 2417 480 2475 ut
505 2433 628 2493 semper
651 2434 722 2476 cum
745 2412 902 2475 uniuersis
925 2419 1092 2494 congruam
1119 2414 1175 2476 sed
1203 2412 1257 2477 hio
1285 2413 1351 2477 illic
1372 2412 1407 2475 ad

266 2540 363 2581 unum
390 2519 565 2583 alterumue
593 2518 722 2600 propius
750 2518 886 2594 accedit,
914 2523 1033 2583 certam
1059 2525 1167 2583 tamen
1193 2519 1337 2601 regulam
1359 2523 1409 2582 aut

160 2698 164 2708 ‚
266 2624 422 2688 rationem
446 2623 618 2687 inhaere
642 2624 761 2688 frustra
784 2625 927 2706 quaesiui
951 2662 993 2671 —
1017 2624 1102 2689 hisee
1126 2625 1218 2689 locis=

225 2797 227 2802 ,
290 2751 336 2792 vv.
437 2727 633 2792 s-BOLA:
839 2713 841 2747 1
1126 2731 1165 2793 R:

291 2836 332 2897 26
359 2821 686 2921 ἄνεζητημένονῗ)
883 2828 924 2899 ἂν
949 2834 1159 2922 ἐζητημένον,

273 2942 333 3005 156
357 2933 586 3026 παρενιδών
608 2942 668 3005 ΒΛ
840 2992 842 3021 2
882 2935 1109 3027 suessionis),

272 3048 334 3110 170
357 3041 539 3130 ῥυχάχετον
840 3026 842 3093 i
883 3043 1097 3134 ῥυγχάχετοκ,

270 3144 537 3232 291τώξύλω
841 3126 843 3243 1
883 3163 936 3218 τῶ
960 3152 1048 3236 ξύλω
1073 3155 1164 3241 (corr.
1189 3178 1226 3221 ox
1254 3160 1368 3236 ξυλῶ),

269 3259 332 3323 367
357 3253 584 3341 πλεύμονας
604 3257 744 3344 S(Avo)
770 3260 802 3341 )-
964 3311 972 3333 ,

357 3362 801 3449 nnnasrpoaagspspo
883 3315 1128 3400 J‘Wll‘ffl'wl
1227 3375 1234 3391 „

268 3468 801 3554 liraregsaS(ABoE)-BOLA⁴)

359 3575 466 3655 πιέζοι
489 3575 578 3660 S(V).
881 3547 998 3623 πιεζεῑ)

269 3700 334 3764 448
360 3698 560 3762 ἐκκοκκιῶ
574 3699 601 3785 ⁵)
842 3734 844 3769 ι
883 3699 1039 3780 ἐκκοκιῶ,

344 3842 362 3906 ¹)
382 3840 416 3892 cf.
437 3839 585 3892 Velsenum
604 3839 690 3907 praef.
711 3841 746 3893 ad
764 3840 882 3907 Equites
902 3859 946 3910 pg.
967 3842 1019 3895 VII
1038 3843 1130 3895 adnot.
1150 3841 1174 3894 4.

342 3928 362 3993 l)
382 3927 484 3980 litteris
502 3927 586 3981 latius
605 3927 745 3996 dispositis
770 3944 851 3982 ueras
870 3929 1085 3997 probabilesque
1105 3929 1256 3997 scripturas
1276 3927 1409 3998 insigniui.

342 4016 362 4077 ³)
382 4015 459 4069 uncis
478 4015 578 4069 inclusi
597 4016 698 4070 Suidae
719 4016 834 4070 codices.

342 4105 363 4171 ⁴)
383 4107 481 4172 ltaque
500 4120 551 4157 nec
566 4104 685 4157 Dobraei
704 4102 851 4171 συμπιέζει
867 4122 918 4159 nec
933 4105 1050 4173 Reisigii
1066 4101 1202 4171 ἐκπιέζει,
1223 4107 1295 4173 quod
1310 4104 1411 4175 placuit

270 4193 388 4262 Engero,
408 4210 424 4247 a
443 4193 527 4248 Suida
547 4191 749 4246 confirmantur.

341 4280 363 4347 ὅ)
382 4281 467 4335 editio
486 4281 702 4335 Mediolanensis
722 4281 822 4336 Suidae
842 4279 982 4336 ἐκκωκιῶ.

343 4428 365 4471 at
383 4424 422 4477 sic
442 4424 526 4476 etiam
545 4423 643 4478 Suidas
662 4439 682 4475 s.
702 4423 737 4491 gl.
758 4417 911 4491 Ἐξαμήσω,
