2978 5114
605 432 649 440 -
695 395 791 477 [ιιι]
838 433 880 441 -
1274 395 1317 457 οι

258 588 402 671 Longum
433 591 541 652 autem
572 595 620 652 est
647 588 731 652 iuter
759 586 955 652 uoluntarias
984 588 1101 652 Suidae
1129 590 1319 653 mutationes

170 715 370 770 enumerare,
396 694 453 758 ubi
481 695 604 760 omissis
633 694 792 758 nonnullis
816 694 937 759 uocnlis
966 695 1165 759 decurtatum
1192 717 1320 759 uersum

168 801 202 863 in
237 801 369 865 schedas
408 822 481 866 suas
512 802 668 884 receperit
678 803 717 887 ¹):
754 803 930 866 luculenter
962 806 1067 864 tamen
1100 801 1231 866 Suidam
1263 824 1319 866 suo

168 907 273 971 Marte
292 913 466 972 mutantem
485 908 704 990 deprehendas
723 909 756 972 in
775 931 801 972 v.
820 908 904 971 1092
924 898 1019 983 ὅπως
1036 899 1080 993 μὴ
1099 929 1138 972 ex
1157 898 1251 984 ὅπως
1270 899 1319 972 οὗ.

261 1120 450 1203 Saepissime
473 1142 549 1186 uero
573 1121 722 1204 glossae
746 1121 1019 1186 interlineares
1042 1120 1095 1184 uel
1113 1142 1133 1185 a
1151 1119 1251 1185 Suida
1268 1121 1319 1185 uel

170 1250 189 1291 a
212 1227 344 1292 librario
373 1228 440 1292 eius
464 1249 526 1310 quo
551 1226 665 1293 Suidas
690 1250 764 1292 usus
787 1235 835 1293 est
859 1228 974 1293 codicis
997 1249 1055 1309 pro
1078 1227 1223 1309 genuinis
1248 1227 1320 1290 Ari-

170 1333 334 1416 stophanis
357 1333 464 1398 uerbis
488 1336 665 1417 descriptae
690 1341 771 1411 sunt,
794 1336 895 1400 ueluti
918 1335 952 1397 in

201 1514 204 1519 ¹
259 1461 305 1504 vv.
328 1440 507 1505 452-454
810 1432 982 1524 γνώσεσθ’

353 1537 407 1612 δτι
430 1548 487 1612 καὶ
508 1540 593 1631 παρ’
616 1539 694 1634 ἡμῖν
718 1546 781 1611 εἰσι
804 1543 898 1631 λόχοι
922 1543 954 1611 δ’

351 1656 504 1738 μαχίμων
527 1646 664 1737 ἀνδρῶν
688 1649 788 1718 ένδον
813 1648 1071 1737 ἐξωπλισμένων

171 1781 233 1821 uox
261 1749 396 1842 ἀνδρῶν
424 1781 482 1842 pro
505 1768 677 1844 γυναικῶν
701 1759 834 1824 debetur
857 1760 989 1836 scholio,
1017 1761 1101 1823 unde
1124 1758 1239 1824 Suidas
1261 1761 1319 1825 hos

171 1887 281 1930 uersus
303 1867 488 1950 desumpsit,
511 1869 553 1931 ad
576 1867 712 1932 Acharn.
739 1867 836 1931 1073:
868 1859 971 1931 Ἔνιοι
993 1866 1054 1950 μὲν
1073 1859 1112 1958 td
1133 1864 1168 1946 ἐξ
1185 1858 1320 1949 ἀνδρῶνι

172 1962 263 2034 σ’κτάι
291 1967 454 2058 σύστημα,
483 1970 515 2038 οἱ
544 1973 579 2038 δὲ
608 1965 647 2038 τδ
677 1972 713 2054 ἐξ
736 1965 871 2057 ἀνδρῶν
896 1969 1037 2051 δώδεκα,
1066 1969 1099 2037 oi
1128 1965 1226 2037 δὲτὸ
1251 1964 1319 2036 α’πδ

173 2072 347 2142 ἑκκαίδεκα
381 2071 517 2163 ἀνδρῶν
549 2085 681 2166 πλῆθος
830 2071 876 2155 ὡς
900 2071 1047 2162 ἀλλαχοῦ
1070 2072 1319 2164 Ἀριστοφάνης·

171 2176 340 2268 γνώσεσθ’
364 2175 417 2249 δτι
440 2190 510 2249 κτλ.

260 2290 366 2373 Atque
390 2292 423 2354 in
447 2314 493 2356 vv.
517 2293 581 2357 896
608 2294 670 2357 897

258 2397 532 2486 Λιοιφορουμένης
555 2406 613 2484 τῆς
636 2395 761 2484 κρόκης
785 2390 851 2463 ὑπὸ
875 2406 946 2463 τῶν
970 2391 1219 2484 ἀλεκτρυόνων,

174 2505 225 2585 qui
248 2527 358 2569 uersus
382 2505 413 2568 in
438 2505 598 2570 codicibus
623 2505 845 2588 Aristophanis
869 2507 914 2570 sic
935 2507 1098 2589 leguntur:

354 2622 469 2713 ὀλίγον·
492 2629 582 2714 μέλει
607 2648 659 2694 σοι
682 2637 742 2716 τῆς
764 2626 888 2716 κρόκης
912 2629 1123 2715 φορουμένης

353 2726 417 2800 tul
444 2743 515 2799 των
539 2728 794 2820 ἀλεκτρυόνων;

174 2880 233 2922 uox
262 2859 529 2947 διαφορουμένης
558 2863 874 2943 interpretamentum
902 2883 969 2926 esse
1000 2861 1204 2925 interlineare
1236 2861 1321 2925 uocis

174 2967 383 3051 φορουμένης
407 2968 498 3032 docet
521 2968 676 3032 scholium
698 2968 746 3030 Ris
775 2976 834 3055 τῆς
856 2964 980 3054 κρόκης
1002 2967 1224 3054 φορουμένης
1251 2969 1321 3032 δια-

174 3073 393 3159 φορουμένης,
418 3073 660 3159 διασπωμένης,
683 3097 747 3156 qua
769 3097 808 3138 ex
828 3075 1038 3156 explicatione
1057 3075 1321 3156 interpretamen-

174 3183 239 3240 tum
264 3177 496 3263 διασπωμένης
520 3178 633 3243 Suidas
657 3181 724 3262 ipse
747 3182 780 3244 in
803 3181 1009 3244 adnotatione
1031 3181 1172 3244 retinuit.

261 3282 341 3348 Item
364 3284 398 3346 in
421 3306 448 3348 v.
475 3285 574 3349 1082:

452 3392 510 3455 καὶ
532 3384 597 3478 μὴν
622 3383 692 3476 δρῶ
716 3383 795 3468 τούς
819 3384 1015 3478 Ἀθηναίους

175 3495 327 3576 glossema
358 3495 562 3561 interlineare
593 3489 672 3573 τοὺς
705 3490 901 3583 Ἀθηναίους
932 3499 1102 3580 genuinam
1132 3499 1322 3579 scripturam

174 3597 288 3676 τούςδε
312 3593 393 3678 τοὺς
416 3596 629 3685 αὐτόχθονας
651 3605 720 3669 loco
743 3607 852 3668 mouit.
948 3645 951 3649 ·

260 3709 372 3791 Neque
398 3709 492 3772 aliter
520 3709 553 3771 in
580 3732 607 3774 v.
637 3712 700 3775 743
729 3710 845 3775 Suidae
877 3702 1018 3775 ἀπέλθω
1051 3733 1108 3793 pro
1135 3705 1229 3792 μόλω
1258 3699 1321 3791 ’γώ

175 3816 316 3879 codicum
330 3815 634 3898 Aristophaneorum
653 3818 756 3899 glossa
775 3823 824 3880 est
843 3816 1063 3891 interlinearis,
1083 3817 1141 3879 etsi
1159 3814 1321 3877 Bentleius

175 3913 238 4003 ed
261 3923 374 3986 inutile
398 3943 465 3986 esse
489 3929 578 3985 ratus
601 3943 658 3987 nec
680 3922 799 3986 habero
823 3923 872 3985 cui
897 3929 1118 4004 opponeretur,
1143 3942 1180 3983 ex
1204 3919 1321 3983 Suidae

175 4028 315 4091 codicum
334 4028 372 4092 Vi
396 4034 428 4092 et
447 4028 555 4102 Oxou,
579 4030 633 4110 qui
657 4028 790 4114 ἀπέλθη
812 4029 976 4111 praebent,
999 4028 1151 4092 memoria
1169 4017 1322 4105 ἀπέλθω,

175 4135 256 4214 quod
284 4156 318 4198 re
350 4155 428 4198 uera
458 4135 581 4198 codices
610 4134 719 4199 ACBE
747 4142 889 4213 tuentur,
921 4135 951 4200 h.
975 4136 995 4201 l.
1023 4133 1222 4199 scribendum
1254 4154 1322 4196 esse

174 4240 302 4304 monuit.

247 4436 265 4498 ¹)
284 4433 370 4486 ueluti
386 4451 409 4486 v,
424 4434 456 4487 14
467 4432 558 4487 omisit
572 4431 798 4504 βουλομένοισιν,
814 4438 849 4491 66
863 4425 887 4488 ιδ
901 4430 972 4501 μέλ’,
988 4435 1040 4488 899
1052 4426 1158 4501 χρόνον
1172 4434 1321 4486 τοσοῦτον.

249 4515 255 4525 .
1123 4522 1160 4574 5*
