2978 5114
492 493 533 501 -
582 455 677 540 [153]
725 494 766 502 -
1183 459 1203 521 a

54 655 144 728 licet,
172 654 253 716 duae
281 651 506 715 discernendae
533 657 607 715 sunt
635 649 786 714 familiae:
814 673 879 714 una
900 651 1068 716 Parisini
1092 651 1205 737 (2625,

56 761 161 841 2626)
185 759 211 821 Α
236 758 374 840 optimae
396 764 506 834 notae,
532 757 586 839 qui
610 756 769 820 saeculum
792 757 907 820 XlIIum
931 757 1074 842 attingit,
1098 758 1204 844 V(os-

55 866 157 930 siani
184 864 412 946 Leidensis)‚
441 885 535 945 quem
562 863 786 945 Bernhardyus
813 864 999 945 primarium
1027 863 1144 929 Suidae
1167 865 1205 928 li-

55 971 150 1035 brum
180 971 353 1046 existimat,
383 970 609 1034 Oxoniensis
643 969 668 1039 C
695 970 813 1033 sacculi
840 968 910 1034 xvi.
971 970 1014 1032 Hi
1042 976 1107 1036 tres
1130 971 1205 1035 libri

56 1079 117 1142 etsi
151 1078 249 1140 uariis
281 1078 321 1139 dc
354 1077 456 1139 causis
489 1075 696 1140 multifariam
728 1077 812 1141 inter
835 1098 868 1140 se
892 1077 1080 1159 discrepant,
1108 1099 1205 1160 oppo

56 1183 154 1248 nendi
184 1188 257 1246 sunt
280 1181 440 1248 codicibus
462 1182 489 1247 B
513 1184 532 1246 i.
551 1205 577 1246 o.
601 1182 744 1246 Parisino
768 1183 855 1274 2622
878 1184 996 1247 sacculi
1020 1183 1103 1247 XIVi
1123 1189 1155 1249 et
1178 1184 1205 1247 E

57 1292 76 1354 i.
101 1312 126 1353 e.
151 1289 349 1353 Bruxellensi
372 1311 400 1353 a.
427 1289 511 1351 1475
536 1296 675 1365 exarato,
698 1311 792 1370 quem
815 1289 898 1353 exB
922 1290 1115 1372 descriptum
1138 1311 1206 1354 esse

58 1398 278 1460 demonstrant
319 1396 400 1459 uitia
441 1395 696 1477 frequentissima
736 1396 786 1459 his
828 1396 950 1460 duobus
992 1398 1170 1460 eommunia
1179 1397 1205 1482 1)

58 1503 297 1585 scripturaeque
327 1524 396 1577 cao,
429 1523 510 1585 quae
538 1503 571 1566 in
599 1502 626 1565 E
654 1503 817 1590 aliquanto
841 1503 941 1584 magis
965 1504 1098 1581 uitiatae
1122 1525 1205 1567 eom-

57 1614 171 1691 parent
204 1630 299 1691 quam
331 1610 364 1671 in
396 1609 468 1693 132).
515 1609 620 1692 Atque
652 1631 690 1672 ox
722 1609 828 1691 priore
860 1609 1020 1674 codicum·
1035 1630 1149 1691 genere
1177 1609 1204 1672 Α

57 1717 242 1798 plerumque
270 1716 438 1797 genuinam
466 1714 582 1779 Suidae
610 1715 798 1798 scripturam
826 1722 1056 1798 repraesentat,
1084 1737 1155 1779 cum
1180 1714 1204 1778 V

57 1830 89 1884 et
122 1821 156 1884 in
187 1821 298 1902 primis
331 1820 355 1884 C
387 1821 473 1885 haud
505 1843 578 1884 raro
606 1823 792 1886 correctoris
819 1844 947 1886 manum
973 1823 1115 1904 perpessi
1142 1822 1207 1885 sint

58 1928 151 1992 modo
183 1949 222 1990 ex
254 1927 330 2008 ipsis
362 1927 522 1991 codicibus
551 1927 739 2008 quibusdam
768 1929 1009 2010 Aristophancis
1041 1929 1134 1997 modo
1168 1948 1206 1990 ex
1231 1973 1233 1978 -

58 2054 115 2096 sua
138 2035 320 2097 coniectura
344 2033 461 2097 Suidae
489 2033 678 2116 scripturam
706 2036 902 2098 immutantis
925 2034 977 2098 uel
1000 2033 1206 2098 emendantis.

595 2274 667 2354 sn.

149 2413 267 2490 Quodsi
291 2415 479 2494 quaerimus,
502 2415 586 2479 unde
610 2414 790 2497 fragmenta
812 2416 867 2479 illa
889 2415 1125 2497 Aristophanes
1149 2436 1207 2497 por

59 2527 161 2583 totum
180 2520 302 2583 lexicon
322 2521 464 2603 dispersa
482 2527 514 2584 et
533 2520 664 2602 singulis
683 2521 795 2603 glossis
814 2521 981 2585 subiuncta
999 2522 1206 2596 manauerint,

60 2627 281 2708 grauissimum
305 2626 397 2690 nobis
421 2627 547 2690 obuiam
571 2626 607 2689 fit
625 2626 743 2691 Suidae
767 2628 865 2710 ipsius
887 2629 1104 2692 testimonium
1123 2649 1146 2690 s.
1166 2628 1205 2708 gl.

62 2724 298 2816 Ἀριστοφάνης
312 2732 385 2796 hoc:
406 2783 413 2795 .
433 2782 439 2794 .
459 2783 465 2795 .
486 2727 641 2816 Δράματα
662 2733 697 2796 δὲ
717 2725 821 2797 αὐτοῦ
840 2729 903 2816 pd‘,
923 2724 1009 2817 άπερ
1030 2733 1065 2796 δὲ
1079 2728 1205 2817 ιιειιρά-

58 2860 160 2920 χαμεν
192 2831 448 2921 Ἀριστοφάνους
481 2835 631 2922 ὁράματα
663 2847 782 2903 ταῦτα·
818 2833 994 2922 Άχαρνεϊς,
1027 2835 1206 2923 Βάτραχοι,

60 2939 199 3029 Εἰρήνη,
227 2936 530 3029 Εκκληοιιὶζουοαι,
562 2941 907 3029 Θεομοφοριάζουοαι,
935 2938 1075 3024 (Ιιιιιιῑς,
1108 2949 1206 3009 Λυσι-

61 3045 193 3134 στράτη,
213 3049 371 3131 Νεφέλαι,
384 3044 545 3134 Ὅρνιθες,
565 3053 727 3130 Πλοῦτος,
741 3055 885 3137 Σφῆκες.
916 3052 1035 3135 Nempe
1054 3073 1110 3116 eur
1128 3053 1207 3115 haec

59 3156 158 3219 uerba
180 3177 201 3218 a
223 3154 322 3219 Suida
344 3158 472 3221 aliunde
496 3165 622 3240 sumpta
649 3164 682 3221 et
704 3180 761 3240 pro
784 3159 913 3241 proprio
937 3159 1053 3222 iudicio
1076 3158 1207 3221 uendite

61 3283 126 3326 esse
140 3262 362 3339 existimemus,
377 3264 503 3327 omnino
518 3264 606 3328 nulla
619 3269 724 3346 potest
738 3285 833 3329 causa
850 3265 999 3340 inueniri3
1019 3264 1114 3328 immo
1129 3285 1206 3328 uoco

132 3501 151 3566 ¹)
170 3500 265 3554 Veluti
279 3501 330 3568 Eq.
359 3504 410 3556 281
431 3497 547 3571 δραμὼν
559 3502 614 3567 ΒΕ,
635 3498 785 3571 ἐσδραμὼν
796 3503 868 3557 Ave
882 3503 891 3570 ll
905 3503 957 3556 635
970 3499 1136 3571 βερὲσχελοι
1150 3502 1206 3565 ΒΕ,

60 3587 231 3658 βερέσγεθοι
255 3590 328 3644 AVG
347 3591 355 3657 ΙΙ
374 3591 458 3644 schol.
484 3591 519 3643 ad
543 3592 595 3644 662
618 3590 735 3656 (Eccles.
754 3591 799 3653 56)
823 3584 873 3661 ἔβη
893 3585 958 3644 τότε
980 3590 1036 3654 ΒΕ,
1062 3583 1161 3659 ἔβηττε
1181 3591 1205 3643 Δ

61 3684 143 3742 recte,
163 3670 255 3747 έβιττε
271 3679 318 3732 VO
332 3680 340 3746 ΙΙ
355 3681 405 3733 721
426 3679 453 3732 τΙ
471 3696 504 3748 γε
523 3679 579 3743 BE,
599 3679 712 3747 τοντέγε
730 3679 803 3733 Avc
822 3680 831 3747 ΙΙ
851 3680 919 3733 1189
939 3673 1130 3748 ἐνετριτάνισε
1149 3679 1205 3743 ΒΕ,

62 3760 255 3835 ένετριτώνισε
275 3767 364 3836 nvo..
1061 3784 1065 3790 “

130 3855 296 3923 Thesmoph.
317 3858 368 3910 138
386 3851 556 3926 κεκρυβάλῳ
576 3856 632 3921 ΒΕ,
652 3850 825 3927 κεκρυφάλῳ
844 3854 1006 3922 Avonam
1025 3858 1091 3924 σιγᾶ
1111 3850 1205 3919 δ’ΒΕ,

62 3939 156 4012 σιγᾶθ’
176 3945 250 3998 AVC
268 3946 277 4012 ΙΙ
295 3947 347 3999 863
371 3943 443 4014 πρὸς
466 3948 515 4011 τῆς
533 3945 593 4009 ΒΕ,
618 3947 686 4014 πρὶν
708 3948 757 4012 τῆς
775 3944 848 3999 Avc
866 3945 875 4012 ΙΙ
896 3945 964 3998 1059
988 3939 1064 3997 αὐτῶ
1083 3939 1131 4007 δὸς
1149 3943 1204 4008 ΒΕ,

62 4024 184 4103 ἀντῳδὸς
202 4033 298 4100 nvcp
314 4035 381 4086 1066
401 4027 566 4101 διαφέρονσ’
586 4034 642 4098 ΒΕ,
662 4027 824 4102 decoctior&
844 4031 925 4086 Avc.
1112 4072 1118 4081 .

129 4120 245 4189 Lysistr.
275 4123 325 4175 687
346 4117 530 4190 ὠργισμένος
544 4121 600 4185 ΒΕ,
620 4116 807 4190 ὠργισμένων
822 4120 894 4175 AVC
908 4121 917 4188 ΙΙ
931 4121 980 4175 811
1002 4115 1134 4189 ἀπορράξ
1147 4119 1203 4183 ΒΕ,

63 4201 197 4277 ἀπορρώξ
215 4210 287 4263 AVG
301 4211 310 4277 ΙΙ
326 4212 389 4269 1151
413 4204 598 4271 κατωνάκτας
617 4210 672 4273 ΒΕ,
693 4204 861 4272 κατωνάκας
880 4209 960 4263 Avo.

131 4296 151 4353 'l
170 4297 265 4351 Veluti
284 4298 335 4366 Eq.
356 4300 406 4351 757
426 4294 528 4367 λάγους
546 4299 627 4362 Ave,
647 4294 748 4367 λόγους
766 4299 796 4362 Β,
817 4293 923 4365 λόφους
941 4297 973 4350 Ε.

130 4387 244 4455 Lysistr.
261 4387 297 4441 45
315 4383 456 4456 κιμγλέρικ’
474 4388 554 4452 Ave,
573 4382 718 4456 κιμμέριιέ
738 4388 768 4452 Β,
787 4389 836 4440 καὶ
854 4381 947 4456 μέρικ’
962 4385 1009 4452 ΕΙ]
1026 4386 1074 4438 171
1095 4385 1202 4438 πείσειε

64 4474 141 4540 AVC,
161 4476 254 4567 uadosi
273 4477 304 4541 B,
324 4477 419 4530 πείσαι
439 4476 471 4531 Ε.
