2978 5114
259 396 303 461 20
348 398 352 405 ’
691 432 733 443 -
779 396 873 479 [164]
921 433 963 443 -

347 590 428 654 Nam
455 591 539 673 quod
562 590 676 655 Snidns
698 612 722 656 s.
745 592 787 675 gl.
814 592 972 676 Τρλπαλαι
995 613 1040 655 vv.
1067 589 1242 655 1153-56
1265 589 1399 674 profert:

422 698 580 783 Τρὶπαλαι
602 692 762 783 κάθημαι,
784 693 989 782 βουλόμενός
1012 690 1045 762 o’
1069 690 1262 783 εὐεργετεῖν.

418 796 483 887 ἐγώ
506 804 543 869 δὲ
566 799 750 869 δεκάπαλαι

417 903 438 997 ἢ
458 907 649 994 χιλιόπαλαι
671 913 728 976 καὶ
749 907 922 996 πρόπαλαι
944 906 1048 976 πάλαι
1070 905 1174 977 πάλαι
1184 912 1221 998 ¹),

418 1010 483 1102 ἐγώ
507 1018 543 1082 δὲ
565 1014 843 1104 τρισμυριόπαλαι
865 1020 921 1082 καὶ
943 1013 1116 1104 πρόπαλαι
1138 1014 1244 1083 πάλαι
1266 1013 1380 1096 πάλαι,

259 1126 333 1191 hinc
358 1147 422 1191 non
448 1125 695 1190 concludendum
726 1131 774 1190 est
800 1147 837 1209 γε
863 1125 1052 1208 particulam
1077 1132 1114 1190 ut
1140 1126 1180 1189 R*
1213 1125 1259 1190 sic
1286 1123 1402 1190 Surdae

260 1233 360 1297 codici
388 1232 618 1316 Aristophaneo
646 1232 797 1309 defuisse3
830 1232 992 1297 aberrauit
1019 1233 1103 1297 enim
1129 1232 1245 1297 Suidas
1276 1253 1297 1296 a
1326 1252 1401 1296 uoce

261 1334 445 1404 δεκάπαλαι
477 1338 510 1401 in
536 1360 663 1402 uersum
690 1344 874 1421 sequentem
901 1344 933 1403 et
964 1347 1076 1424 sponte
1106 1341 1235 1422 insuper
1267 1338 1402 1404 mutauit

259 1468 287 1511 v.
312 1446 397 1511 1156
420 1447 543 1510 omissis
564 1446 768 1531 προσδοκῶν
791 1451 823 1510 et
845 1469 881 1530 γε
903 1447 1043 1512 uocibus.

349 1553 428 1618 cum
454 1558 560 1617 autem
588 1575 627 1616 ex
650 1552 697 1616 RI‘
715 1553 804 1617 uitiis
830 1554 931 1618 multa
958 1555 1012 1617 uix
1039 1553 1164 1618 librarii
1187 1554 1310 1618 incuria
1332 1557 1401 1618 orta

261 1682 328 1726 esse
354 1662 487 1744 possint,
520 1679 577 1723 neo
608 1680 678 1723 cum
704 1660 888 1724 Rauennate
920 1661 989 1743 ipso
1020 1682 1079 1725 nec
1111 1682 1182 1725 cum
1208 1661 1401 1725 Rauennatis

260 1769 431 1851 archetypo
453 1765 520 1830 ulle
541 1763 696 1831 affinitate
718 1766 834 1831 Suidae
857 1767 956 1832 codex
978 1768 1162 1832 coniunctus
1185 1772 1242 1833 est.

794 1926 866 2008 §a

350 2051 492 2134 Denique
519 2052 559 2115 de
586 2053 692 2116 codice
719 2050 967 2117 Ambrosieno
995 2051 1069 2138 (M)
1096 2073 1197 2134 pauca
1219 2052 1402 2117 disserenda

261 2165 342 2225 sunt.
389 2158 435 2223 De
458 2180 520 2241 quo
543 2180 615 2223 cunr
632 2159 822 2246 velserus)
846 2159 925 2224 haec
945 2160 1140 2224 adnotasset:
1164 2164 1260 2242 utque
1278 2161 1307 2224 is
1325 2159 1402 2224 liber

262 2266 498 2348 dilipentissime
520 2267 627 2347 pictus
654 2267 840 2347 pronissimi
861 2268 898 2330 in
920 2267 1145 2332 constituendis
1162 2271 1277 2347 peace
1299 2267 1402 2332 uerbis

261 2378 306 2436 est
328 2374 487 2453 momenti,
510 2379 616 2453 utpote
638 2374 696 2455 qui
717 2375 887 2455 penuiuom
910 2373 1137 2453 Aristophanis
1158 2394 1289 2439 manum
1311 2395 1402 2454 saepe

262 2482 441 2544 seruauerit
458 2481 544 2544 sotus
562 2501 631 2544 cum
646 2479 844 2560 Rauennate,
864 2482 1024 2546 interdum
1042 2482 1191 2563 quamuis
1210 2503 1288 2546 raro
1307 2482 1401 2559 solus,

263 2588 468 2672 Schrreeius³)
492 2594 520 2652 et
543 2588 619 2651 mitri
642 2609 774 2670 quoque,
800 2590 912 2671 inquit,
936 2588 1011 2652 oiim
1032 2609 1098 2652 nou
1119 2608 1182 2652 esse
1199 2610 1292 2653 nanu
1309 2588 1404 2654 nurus

262 2696 473 2774 manuscripti
499 2695 606 2777 picria
633 2696 802 2760 uidebatur
828 2697 877 2758 itu
903 2699 939 2760 nt
966 2696 1061 2758 etiam
1089 2695 1349 2777 antiquissimam
1377 2696 1404 2759 ci

264 2803 415 2884 oripiuem
442 2802 610 2867 uindicare
637 2823 702 2877 non
730 2803 915 2906 dubitarem.
945 2801 1132 2906 'Profectus
1158 2804 1241 2866 cuim
1268 2824 1355 2866 eram
1383 2825 1404 2866 α

818 2909 861 2960 γρ.
882 2907 993 2960 spaera

262 2983 289 3025 ο.
310 2967 379 3039 673,
399 2961 454 3024 ubi
472 2965 514 3024 M
525 2964 718 3043 scripturam
730 2963 862 3042 praebet
881 2960 1013 3047 ἐρρέτω,
1055 2960 1132 3026 Onm
1149 2963 1250 3045 ipitnr
1270 2960 1403 3048 ἐρρέτω,

265 3069 350 3150 quod
381 3070 446 3131 iam
478 3069 648 3134 scholiasta
680 3071 715 3133 iu
747 3070 872 3152 aliquot
903 3070 1133 3149 cueurplaribus
1165 3069 1227 3151 lapi
1259 3074 1402 3148 testatur,

264 3177 354 3255 apud
377 3175 512 3240 Sericum
534 3182 676 3241 nostrum
698 3197 825 3241 uersum
848 3176 1033 3241 laudantem
1056 3177 1245 3256 reperiatur,
1275 3198 1404 3260 cumque

263 3285 393 3362 iusuper
424 3284 588 3348 nonnullis
621 3285 696 3348 locis
728 3306 797 3349 cnm
829 3281 933 3349 Suida
966 3286 1007 3346 M
1032 3283 1127 3348 corten
1159 3285 1335 3363 concordet,
1370 3286 1404 3347 iu

263 3395 393 3454 mentem
419 3390 497 3454 mini
521 3393 610 3455 nouit
637 3393 816 3456 coniectura
842 3391 1089 3456 Ambrosianum
1114 3389 1253 3470 fortasse
1280 3413 1318 3455 en
1347 3391 1404 3456 un

265 3498 345 3562 libro
367 3497 516 3562 haustum
544 3519 619 3576 esse,
650 3519 712 3580 quo
740 3499 807 3578 ipse
833 3495 954 3563 Suidus
977 3518 1054 3563 usus
1081 3502 1165 3562 esset.
1212 3499 1404 3564 Accuratius

265 3609 370 3669 tamen
393 3606 599 3669 Ambrosiani
625 3607 801 3670 examinati
828 3610 856 3668 et
883 3625 953 3669 cum
980 3605 1088 3669 ceteris
1115 3604 1206 3669 libris
1229 3605 1405 3686 carmarati

260 3732 396 3791 prorsus
422 3714 550 3776 inanem
577 3718 605 3776 ct
632 3713 784 3777 caducam
816 3713 1035 3776 anctoritatem
1061 3713 1218 3793 fidemque
1244 3733 1308 3777 esse
1329 3734 1403 3793 per·

265 3820 360 3897 spani.
405 3818 552 3884 'Potestne
573 3820 674 3902 initur
696 3840 730 3882 re
752 3840 832 3883 uera
855 3819 985 3901 aliquid
1006 3839 1044 3881 cc
1061 3820 1221 3901 siupuiari
1238 3821 1302 3883 isto
1321 3819 1403 3885 lecti·

266 3946 322 3989 oue
359 3924 483 4024 ἐρρέτω
519 3925 628 4007 effici?
681 3925 782 3989 Immo
818 3924 884 3988 soto
921 3945 997 3989 cusu
1034 3930 1105 3989 orta
1137 3930 1189 3989 est.
1245 3924 1404 4033 Scriptum

266 4087 347 4150 euim
370 4091 453 4164 erat,
484 4087 569 4168 quod
596 4106 681 4150 nuuc
704 4086 781 4150 tiber
804 4089 837 4150 F
850 4086 991 4166 praebet,
1015 4087 1051 4150 iu
1074 4016 1403 4173 arcmriioxilpiiiffi

339 4284 357 4346 ¹)
377 4273 394 4350 ἢ
413 4283 461 4334 καὶ
480 4280 588 4345 ΒΕΟΜ,
609 4274 729 4334 ἔκπαλαι
748 4285 810 4349 post
828 4275 973 4351 πρόπαλαι
992 4279 1115 4334 additum
1135 4280 1224 4334 estin
1244 4280 1351 4334 BECM.

339 4370 359 4435 2)
377 4369 494 4439 praefat.
515 4369 550 4425 ad
568 4369 619 4436 Eq.
640 4386 683 4437 pg.
703 4370 777 4424 VIII.

339 4460 359 4527 ³)
379 4477 423 4528 ra
443 4461 467 4513 9-
