2978 5114
277 367 321 429 ao
718 399 759 408 -
808 358 900 448 [τοι]
946 399 990 408 -

276 551 339 622 τόν
353 551 459 641 ἄνδρα
473 551 733 640 κατεσπόδησεν.
762 554 791 618 Ν
794 575 829 617 eo
843 555 974 617 nimium
986 555 1192 619 tribuendum
1204 561 1252 619 est
1262 554 1424 618 Fritzsohii

276 663 478 737 dubitationi,
501 662 556 742 qui
580 656 675 745 ἑτέρα
699 682 737 724 ex
760 661 903 742 proximo
927 682 1022 725 uersu
1046 655 1144 744 ἑτέρα
1162 651 1226 725 τόν
1246 653 1341 744 ἄνδρ’
1356 656 1423 745 ἔμη-

276 792 335 834 νεν
366 769 514 850 illapsum
546 788 613 832 esse
646 766 791 831 sollerter
823 767 1001 848 suspicatus
1029 772 1090 841 est3
1124 768 1220 832 immo
1252 761 1348 850 ἑτέρα
1380 767 1423 829 bis

275 877 414 958 positum
446 875 479 937 in
512 874 567 936 illa
599 871 788 936 Mnesiloohi
821 873 1040 937 enuntiatione
1068 873 1271 955 aptissimum
1303 873 1423 937 uidetur

277 983 380 1047 locum
404 981 555 1044 obtinere.

366 1087 401 1149 V.
426 1087 488 1149 601
515 1076 682 1168 ξυνέξευρ’
701 1083 818 1146 Suidae
842 1085 959 1147 oodicis
980 1085 1005 1146 V
1026 1085 1129 1160 lectio,
1153 1107 1236 1166 quae
1261 1085 1295 1147 in
1318 1085 1422 1148 ceteris

275 1193 366 1259 libris
394 1195 427 1256 in
456 1182 624 1274 συνέξενρ’
647 1189 742 1265 abiit,
773 1171 903 1253 auctore
930 1191 1075 1255 Bentleio
1104 1190 1284 1255 Brunckius
1308 1190 1421 1255 Aristo

276 1300 373 1382 phani
391 1299 534 1364 restituit
552 1317 653 1379 neque
673 1317 751 1377 opus
769 1301 817 1359 est
837 1296 1027 1361 coniecturis
1046 1297 1194 1379 Toupii1)
1216 1290 1421 1380 συνανέξευρ

275 1411 332 1470 aut
355 1405 535 1488 Koppiersii
560 1398 660 1485 σύγε
685 1394 864 1485 συνέξουρῖ

365 1512 498 1576 Versum
521 1510 587 1572 616
611 1507 728 1573 Suidae
752 1509 877 1572 codices
901 1510 946 1574 sio
968 1511 1113 1574 tradunt:

366 1639 596 1720 στραγγουριῶ
617 1631 699 1715 χθὲς
721 1624 783 1717 γὰρ
809 1627 935 1715 ἔφαγον
958 1629 1113 1719 κάρδαμα
1138 1634 1223 1697 AVE
1248 1634 1348 1699 Oxou.

366 1745 596 1826 στραγγουριῶ
621 1737 716 1822 ἐχθὲς
739 1729 802 1821 γάρ
827 1734 879 1819 im.
904 1763 933 1802 κ.
959 1740 985 1803 Β

366 1852 595 1932 στραγγουριῶ
618 1837 681 1927 γὰρ
705 1843 801 1926 ἐχθὲς
825 1840 877 1925 ior.
902 1868 931 1909 κ.
957 1845 981 1908 G
1005 1846 1096 1930 (item
1120 1846 1170 1929 R).
1296 1898 1302 1911 ,

275 1973 324 2036 Ex
352 1973 401 2035 his
428 1970 532 2035 tribus
559 1969 657 2032 uariis
685 1968 874 2032 lectionibus
901 1971 1082 2051 compositis
1110 1990 1189 2033 uera
1219 1969 1419 2053 Aristophani

276 2079 432 2160 scriptura
455 2076 652 2141 restituenda
674 2075 817 2138 uidetur:

427 2205 656 2285 στραγγουριῶ
679 2194 754 2282 γάρ·
776 2197 858 2280 χθὲς
880 2189 943 2283 γὰρ
968 2194 1094 2281 ἔφαγον
1118 2194 1285 2284 κάρδαμα,

276 2326 395 2408 duplioi
416 2325 520 2407 posito
544 2318 616 2407 γάρ,
645 2323 729 2404 quod
753 2344 792 2386 ne
815 2322 940 2405 Engero
964 2322 1091 2405 quidem
1115 2324 1271 2388 insulsum
1293 2325 1417 2389 uideba-

276 2438 336 2495 tur.
382 2432 430 2495 De
458 2429 592 2512 duplicis
620 2435 726 2492 autem
754 2424 817 2512 γάρ
843 2450 902 2492 usu
925 2428 1148 2513 Kuehnerus2)
1177 2430 1256 2496 haec
1280 2433 1418 2496 adnotat:

275 2536 422 2619 „Hc'iuptp
441 2535 548 2618 folpen
566 2536 642 2599 κιοοὶ
662 2536 736 2598 σόον
755 2534 891 2598 molerem
909 2533 1003 2599 δῶκα
1021 2536 1079 2598 mit
1099 2530 1161 2620 γόρ
1182 2535 1249 2616 auf
1261 2537 1416 2612 einander,

275 2644 344 2707 ανδ
366 2663 454 2708 arom·
476 2641 618 2705 wecterii
636 2641 790 2705 entweder
810 2642 870 2704 dor
888 2641 1176 2723 praedampebenole
1197 2638 1261 2727 γάρ
1281 2644 1340 2706 mit
1357 2643 1418 2706 dem

276 2749 483 2812 erlrlr'irendeu
511 2748 551 2810 ob
580 2748 655 2811 oder
682 2749 727 2811 sie
754 2748 828 2811 sind
862 2747 948 2812 διιόν
975 2748 1282 2828 μνιικόονιμῶοιιό.“
1331 2747 1416 2830 Apud

276 2853 520 2936 Aristophanem
543 2860 650 2917 autem
674 2853 808 2936 duplicis
832 2848 894 2936 γάρ
919 2853 1047 2918 obuiam
1070 2851 1151 2917 fiunt
1175 2856 1321 2937 exempla
1343 2855 1416 2918 Plut.

278 2960 319 3023 76
344 2981 419 3042 sqq„
450 2960 512 3021 104
536 2981 611 3042 sqq„
641 2960 704 3024 828
729 2982 806 3043 sqq„
836 2959 927 3042 Vesp.
955 2960 1040 3023 1016
1069 2981 1145 3042 sqq„
1172 2959 1244 3025 Pac.
1269 2961 1334 3024 346
1358 2982 1416 3042 sqq.

277 3064 426 3145 Magnam
440 3066 568 3146 insuper
582 3065 795 3148 exemplorum
811 3066 875 3128 uim
891 3087 930 3129 ex
944 3065 1092 3140 Homero,
1111 3065 1306 3147 Thucydide,
1320 3067 1415 3131 Xeno·

275 3169 394 3252 phonte
417 3168 510 3234 affert
533 3169 552 3233 l.
576 3193 600 3235 ο.
625 3171 818 3236 Kuehnerus.

364 3276 426 3340 Pro
449 3297 476 3338 v.
502 3275 565 3339 502

387 3391 433 3475 ὡς
456 3391 582 3463 ἅπαντ’
607 3392 659 3483 ἄρ)
683 3398 752 3464 ἐστι
776 3396 899 3485 τόλμης
923 3394 1002 3483 ἔργα
1025 3391 1320 3487 κόναισχυντίαςῧ)

277 3543 315 3586 ex
338 3521 454 3587 Suidae
482 3524 600 3605 glossa:
634 3514 777 3587 Ἆπαντα
804 3518 928 3608 τόλμης
955 3522 1041 3587 πλέα
1065 3514 1333 3606 κόναισχυντίας·
1367 3522 1412 3588 ἐπὶ

276 3635 346 3693 τῶν
370 3628 497 3712 ἰταμῶν
521 3630 577 3692 καὶ
602 3621 761 3708 όναιδῶν,
789 3630 928 3710 Toupius
953 3629 1034 3693 hano
1057 3651 1167 3694 uersus
1194 3629 1328 3695 formam
1350 3630 1412 3695 Ari·

276 3735 424 3817 stophani
447 3737 675 3800 restituendam
697 3738 837 3819 putauit:

350 4037 368 4099 ¹)
386 4034 542 4088 Emendatt.
564 4036 603 4088 Ill
620 4053 664 4104 pg.
684 4037 744 4090 380.

347 4122 368 4187 ⁹)
387 4122 505 4176 Gramm.
527 4123 642 4176 (ἰοστεο.2
661 4125 687 4176 Il
706 4127 722 4176 2
741 4140 786 4191 pg.
806 4125 857 4178 856
877 4123 966 4175 adnot.
987 4122 1011 4175 4.

348 4210 367 4276 3)
387 4212 466 4266 Ηυυο
494 4227 602 4265 uersum
627 4229 662 4265 ex
685 4212 795 4265 Bentloi
824 4210 983 4265 coniectura
1011 4211 1109 4279 affer03
1139 4214 1163 4267 R
1186 4212 1260 4266 enim
1284 4224 1322 4277 υς
1343 4228 1411 4265 απαν

276 4293 331 4369 γάρ
351 4294 428 4352 ἐστιν
446 4316 469 4352 τ.
491 4293 511 4354 ἕ.
532 4318 557 4352 κ.
578 4300 675 4366 hahet3
695 4301 829 4354 Velsenus
844 4301 994 4353 Porsonum
1013 4307 1124 4354 secutus
1143 4301 1182 4355 sio
1202 4316 1264 4355 eum
1285 4299 1408 4356 restituit:

275 4380 313 4448 ὡς
332 4375 433 4440 ἅπαντ’
453 4380 501 4457 ἄρ’
523 4384 582 4441 ἐστὶ
602 4383 705 4456 τόλμης
723 4384 815 4454 μεστὰ
835 4383 1059 4456 κάναισχυντίας.
