2978 5114
274 396 317 459 32
366 455 375 477 ,
707 434 747 443 -
795 395 890 479 [no]
938 433 980 443 -

362 590 472 673 Neque
494 590 588 654 aliter
610 591 643 654 in
666 611 692 656 v.
716 590 781 654 602

626 691 814 780 ῥυππαπαῖ,
841 699 891 773 τίς
915 694 1063 780 ἐμβαλεῖ·

275 827 313 869 ex
345 804 476 881 scholio,
512 825 574 886 quo
607 803 812 888 epiphonema
850 800 1001 868 ἱππαπαῖ
1036 804 1134 866 instar
1166 803 1417 886 epiphonematis

274 906 454 995 ῥυππαπαῖ
475 909 515 975 ab
534 910 746 993 Aristophane
765 909 933 975 formatum
952 931 1020 974 esse
1039 910 1214 992 exponitur,
1238 906 1420 995 ῥυππαπαῖ

276 1017 401 1100 irrepsit
413 1017 447 1101 1).

361 1142 460 1208 Porro
483 1144 516 1205 in
539 1165 565 1206 v.
589 1142 668 1206 909:

349 1240 434 1328 ἰδοὺ,
463 1247 560 1332 δέχου
582 1247 706 1334 κέρκον
729 1240 830 1332 layci,
858 1238 944 1312 ὥστε
967 1241 1027 1324 τὰς
1049 1231 1152 1334 λήμας
1174 1259 1332 1332 περιψεῖν

273 1355 373 1422 uerba
395 1346 481 1420 ὥστε
504 1347 564 1431 τὰς
581 1350 684 1441 λήμας
706 1367 861 1439 περιψεῖν
884 1377 923 1420 ex
946 1355 1074 1430 scholio,
1097 1355 1182 1438 quod
1203 1355 1236 1418 in
1256 1355 1413 1420 codicibus

280 1463 339 1527 Ve
365 1483 489 1546 quoque
521 1468 681 1527 seruatum
709 1467 769 1539 est,
800 1463 922 1526 intrusa
953 1462 1121 1546 genuinam
1152 1463 1321 1526 lectionem
1351 1454 1412 1525 τιά-

274 1569 468 1654 petrapium
486 1550 632 1654 περιψῆν
651 1568 719 1634 loco
737 1574 917 1643 mouerunt3
936 1569 1106 1651 eodemque
1125 1569 1218 1632 modo
1237 1568 1271 1631 in
1289 1590 1335 1633 vu.
1350 1569 1412 1632 920

274 1678 336 1742 921
362 1677 441 1740 922:
1182 1657 1185 1661 ’

349 1775 546 1865 ‘Foramina
569 1788 639 1845 τῶν
664 1778 777 1869 δᾴδων
799 1783 856 1846 καὶ
880 1775 1092 1868 ἀπαρυστέον
1119 1789 1191 1845 τοῦν
1214 1788 1335 1866 κρεῶν,

273 1912 406 1974 quorum
429 1889 565 1975 genuina
587 1889 688 1955 forma
710 1889 872 1954 haecest:
1195 1891 1198 1896 ’

883 1987 1067 2077 ὑφελκτέον

573 2109 643 2168 τῶν
668 2103 839 2188 tantove),
862 2095 1074 2187 ἀπαρυστέον

573 2217 702 2274 τετῶν
727 2203 875 2274 ἀπειλῶν
899 2211 1017 2292 ταυτῃί

274 2335 453 2418 corruptela
476 2336 560 2418 apud
585 2334 715 2398 Suidam
737 2336 811 2399 inde
835 2342 905 2399 orta
928 2340 985 2410 est,
1009 2334 1091 2418 quod
1115 2334 1147 2396 in
1167 2334 1285 2397 scholio
1304 2335 1410 2399 addito

273 2444 352 2509 haec
373 2443 535 2526 leguntur:
559 2448 661 2506 τοῦτο
684 2447 841 2506 ποιοῦσιν
866 2431 948 2506 ὅταν
970 2436 1127 2522 παφλάζῃ
1147 2432 1165 2504 ὃ
1185 2439 1289 2527 λέβης,
1314 2432 1409 2522 ἀφαι-

271 2558 409 2635 ροῦντες
432 2547 469 2613 ἐκ
492 2556 562 2613 τῶν
586 2555 704 2634 κρεῶν.

360 2674 513 2740 Similiter
536 2676 569 2738 in
592 2695 638 2738 vv.
663 2674 726 2738 989
751 2673 830 2738 990:

297 2775 361 2868 Τὴν
380 2782 524 2865 Λυοριστὶ
541 2775 648 2867 μόνην
669 2772 832 2864 ἁρμονίαν
851 2770 1078 2863 ἁρμόττεσθαι
1092 2774 1185 2862 θάμα
1200 2769 1261 2865 τὴν
1276 2774 1389 2864 λύραν,

271 2910 334 2952 uox
361 2880 524 2972 ἁρμονίαν
552 2887 673 2969 glossae
702 2886 835 2951 debetur
862 2886 969 2950 uerbis
996 2879 1057 2973 τὴν
1085 2886 1228 2969 Δωριστὶ
1256 2886 1330 2949 olim
1357 2885 1409 2948 ad·
1455 2919 1458 2939 ·

272 2997 407 3078 scriptae
417 2995 453 3079 3).
485 2993 646 3077 Syllabam
664 2998 769 3056 autem
788 2993 915 3056 breuem
936 3014 1015 3075 quae
1034 2993 1233 3057 desideratur
1251 2994 1285 3077 in
1303 3017 1330 3057 v.
1349 2991 1409 3056 989

272 3107 356 3165 recte
375 3100 569 3184 suppleuisse
586 3101 714 3164 uidetur
732 3098 954 3182 Bernhardyus
972 3098 1033 3182 μὲν
1055 3106 1126 3182 post
1144 3093 1252 3185 μόνην
1271 3100 1410 3182 positam.

360 3227 441 3290 [tem
466 3224 654 3289 1129-302
682 3227 807 3287 Τοῦτον
832 3215 871 3301 δ’,
895 3213 977 3287 ὅταν
1000 3210 1021 3305 ᾗ
1044 3222 1163 3301 πλέως,

668 3325 886 3430 ταπεινώσας
910 3324 1057 3410 ἐπάταξα

274 3497 312 3504 -
347 3450 429 3542 ἄρας
465 3451 612 3537 ἐπάταξα
643 3478 713 3521 cum
749 3455 910 3521 codicibus
942 3453 1181 3537 Aristophaneis
1214 3452 1409 3519 scribendum

273 3571 320 3629 est
339 3604 379 3611 —
400 3559 609 3640 ταπεινώσας
627 3562 761 3627 debetur
779 3562 911 3628 scholio:
940 3553 1016 3625 Άντὶ
1029 3568 1092 3626 τοῦ
1109 3560 1242 3647 γένηται
1261 3557 1408 3642 φαεινός·

274 3781 484 3788 ψ

346 3923 364 3986 1)
389 3921 515 3974 Getarum
540 3936 557 3972 a
580 3917 663 3973 Suida
691 3916 803 3971 uocibus
829 3914 981 3987 ῥυππαπαῖ
1001 3924 1029 3972 et
1051 3914 1179 3972 innocui
1194 3923 1300 3972 rectum
1329 3914 1408 3971 tribui

272 4019 415 4064 accentum
444 4007 648 4062 circumflexum
677 4013 748 4061 teste
776 4006 933 4061 Herodiano
957 4008 980 4073 (Ι
1004 4025 1047 4076 pg.
1071 4008 1134 4073 502)
1161 4006 1254 4062 docuit
1277 4005 1408 4061 Aemilius

273 4099 391 4154 Schinck
410 4098 437 4150 in
458 4097 565 4162 libelle,
591 4113 671 4164 quem
690 4095 803 4164 scripsit
820 4096 854 4150 de
874 4094 1095 4150 interiectionum
1115 4096 1407 4166 epiphonematumqne

273 4188 301 4242 ui
320 4194 404 4255 atque
423 4203 473 4240 usu
491 4185 566 4255 apud
583 4185 797 4253 Aristophanem
817 4189 870 4253 (pg.
890 4186 942 4250 26).

345 4276 365 4342 2)
385 4275 504 4330 correxit
519 4270 673 4342 Bentleins3
688 4273 797 4328 codices
812 4268 903 4348 δᾴδων
918 4273 1038 4336 RVPM,
1058 4268 1241 4344 stouffen,
1260 4273 1361 4328 δαδλοιν
1374 4269 1406 4323 Α.

344 4365 364 4431 11)
383 4366 417 4420 de
436 4365 488 4419 hac
507 4363 594 4433 figura
614 4362 795 4433 etymologica
808 4362 939 4417 nonnulla
957 4361 1101 4417 adnotauit
1115 4363 1270 4417 Lobeckius
1289 4360 1404 4427 Paralip.

273 4471 316 4522 pg.
336 4455 397 4507 521.
